@article{1,
  title={Hong Kong Municipal Services Building - Development from the 1980s to the 21st Century},
  author={Xue Kou-li and Qiu Yue}, 
  journal={Journal of Architectural History},
  volume={3},
  number={4},
  pages={143--155},
  year={2022},
  publisher={Mechanical Industry Press}
}

@article{2,
  title={Green retrofit of aged residential buildings in Hong Kong: A preliminary study},
  author={Tan, Yongtao and Liu, Guo and Zhang, Yan and Shuai, Chenyang and Shen, Geoffrey Qiping},
  journal={Building and Environment},
  volume={143},
  pages={89--98},
  year={2018},
  publisher={Elsevier}
}

@article{3,
  title={Constructing civicness: the architectural type of the ‘Municipal Services Buildings’ from British Hong Kong to the SAR},
  author={Zhou, Y},
  year={2022},
  publisher={International Association for the Study of Traditional Envirnoments}
}

@article{4,
  title={Social Condenser Extraordinaire: the Municipal Services Buildings of Hong Kong},
  author={Zhou, Ying},
  journal={Monu: magazine on urbanism},
  year={2023},
  publisher={University of Kassel, Dept. of Architecture, Townplanning, Landscapeplanning}
}

@article{5,
  title={Air pressure difference measurements in Finnish municipal service buildings},
  author={Kiviste, Mihkel and Vinha, Juha},
  journal={Energy Procedia},
  volume={132},
  pages={879--884},
  year={2017},
  publisher={Elsevier}
}

@article{6,
  title={A multi-criterion decision analysis framework for sustainable energy retrofit in buildings},
  author={Ongpeng, Jason Maximino C and Rabe, Brian Immanuel B and Razon, Luis F and Aviso, Kathleen B and Tan, Raymond R},
  journal={Energy},
  volume={239},
  pages={122315},
  year={2022},
  publisher={Elsevier}
}

@article{7,
  title={Balancing thermal comfort and energy efficiency in high-rise public housing in Hong Kong: Insights and recommendations},
  author={Gao, Kai and Fong, KF and Lee, CK and Lau, Kevin Ka-Lun and Ng, Edward},
  journal={Journal of Cleaner Production},
  volume={437},
  pages={140741},
  year={2024},
  publisher={Elsevier}
}

@article{8,
  title={Advances in research and applications of CO2-based demand-controlled ventilation in commercial buildings: A critical review of control strategies and performance evaluation},
  author={Lu, Xing and Pang, Zhihong and Fu, Yangyang and O'Neill, Zheng},
  journal={Building and Environment},
  volume={223},
  pages={109455},
  year={2022},
  publisher={Elsevier}
}

@article{9,
  title={Estimating the total exposure to air pollutants for different population age groups in Hong Kong},
  author={Chau, Chi Kwan and Tu, EY and Chan, DWT and Burnett, J},
  journal={Environment international},
  volume={27},
  number={8},
  pages={617--630},
  year={2002},
  publisher={Elsevier}
}

@article{10,
  title={How does future climatic uncertainty affect multi-objective building energy retrofit decisions? Evidence from residential buildings in subtropical Hong Kong},
  author={Liu, Sheng and Wang, Yuyang and Liu, Xiao and Yang, Linchuan and Zhang, Yingzi and He, Jingtang},
  journal={Sustainable Cities and Society},
  volume={92},
  pages={104482},
  year={2023},
  publisher={Elsevier}
}

@article{11,
  title={Indoor air quality and COVID-19},
  author={Abouleish, MY Zakaria},
  journal={Public Health},
  volume={191},
  pages={1},
  year={2020}
}

@article{12,
  title={Lessons from the COVID-19 pandemic for ventilation and indoor air quality},
  author={Morawska, Lidia and Li, Yuguo and Salthammer, Tunga},
  journal={Science},
  volume={385},
  number={6707},
  pages={396--401},
  year={2024},
  publisher={American Association for the Advancement of Science}
}

@article{13,
  title={Uncertainty in the impact of the COVID-19 pandemic on air quality in Hong Kong, China},
  author={Huang, Yuhan and Zhou, John L and Yu, Yang and Mok, Wai-chuen and Lee, Casey FC and Yam, Yat-shing},
  journal={Atmosphere},
  volume={11},
  number={9},
  pages={914},
  year={2020},
  publisher={MDPI}
}

@article{14,
  title={Urban ventilation in the compact city: a critical review and a multidisciplinary methodology for improving sustainability and resilience in urban areas},
  author={Palusci, Olga and Cecere, Carlo},
  journal={Sustainability},
  volume={14},
  number={7},
  pages={3948},
  year={2022},
  publisher={MDPI}
}

@article{15,
  title={Is mixed-mode ventilation a comfortable low-energy solution? A literature review},
  author={Kim, Jungsoo and de Dear, Richard},
  journal={Building and Environment},
  volume={205},
  pages={108215},
  year={2021},
  publisher={Elsevier}
}

@article{16,
  title={Public expectations about the impact of COVID-19 on climate action by citizens and government},
  author={Savin, Ivan and Drews, Stefan and Van Den Bergh, Jeroen and Villamayor-Tomas, Sergio},
  journal={PloS one},
  volume={17},
  number={6},
  pages={e0266979},
  year={2022},
  publisher={Public Library of Science San Francisco, CA USA}
}

@article{17,
  title={Impacts of wet market modernization levels and hygiene practices on the microbiome and microbial safety of wooden cutting boards in Hong Kong},
  author={Ngan, Wing Yui and Rao, Subramanya and Chan, Long Chung and Sekoai, Patrick T and Pu, Yang and Yao, Yuan and Fung, Aster Hei Yiu and Habimana, Olivier},
  journal={Microorganisms},
  volume={8},
  number={12},
  pages={1941},
  year={2020},
  publisher={MDPI}
}

@article{18,
  title={Indoor air quality investigation at air-conditioned and non-air-conditioned markets in Hong Kong},
  author={Guo, Hai and Lee, SC and Chan, LY},
  journal={Science of the total environment},
  volume={323},
  number={1-3},
  pages={87--98},
  year={2004},
  publisher={Elsevier}
}

@article{19,
  title={Indoor air quality: A focus on the European legislation and state-of-the-art research in Italy},
  author={Settimo, Gaetano and Manigrasso, Maurizio and Avino, Pasquale},
  journal={Atmosphere},
  volume={11},
  number={4},
  pages={370},
  year={2020},
  publisher={MDPI}
}

@article{20,
  title={Monitoring indoor carbon dioxide concentration and effectiveness of natural trickle ventilation in a middle school in Rome},
  author={Cornaro, Cristina and Paravicini, Alessandro and Cimini, Annamaria},
  journal={Indoor and Built Environment},
  volume={22},
  number={2},
  pages={445--455},
  year={2013},
  publisher={Sage Publications Sage UK: London, England}
}

@article{21,
  title={A post-occupancy study of ventilation effectiveness from high-resolution CO2 monitoring at live theatre events to mitigate airborne transmission of SARS-CoV-2},
  author={Adzic, Filipa and Roberts, Ben M and Hathway, Elizabeth Abigail and Matharu, Rupy Kaur and Ciric, Lena and Wild, Oliver and Cook, Malcolm and Malki-Epshtein, Liora},
  journal={Building and Environment},
  volume={223},
  pages={109392},
  year={2022},
  publisher={Elsevier}
}

@article{22,
  title={Site verification and modeling of desiccant-based system as an alternative to conventional air-conditioning systems for wet markets},
  author={Lee, SH and Lee, Wai Ling},
  journal={Energy},
  volume={55},
  pages={1076--1083},
  year={2013},
  publisher={Elsevier}
}

@article{23,
  title={Effects of outdoor air pollutants on indoor environment due to natural ventilation},
  author={Tamuro, Ayame and Kuwahara, Ryoichi and Kim, Hyuntae},
  journal={Atmosphere},
  volume={13},
  number={11},
  pages={1917},
  year={2022},
  publisher={MDPI}
}

@article{24,
  title={The impact of mechanical and natural ventilation modes on the spread of indoor airborne contaminants: A review},
  author={Al-Rikabi, Ihab Jabbar and Karam, Jennifer and Alsaad, Hayder and Ghali, Kamel and Ghaddar, Nesreen and Voelker, Conrad},
  journal={Journal of Building Engineering},
  pages={108715},
  year={2024},
  publisher={Elsevier}
}

@article{25,
  title={Effect of natural ventilation mode on thermal comfort and ventilation performance: Full-scale measurement},
  author={Omrani, Sara and Garcia-Hansen, Veronica and Capra, Bianca R and Drogemuller, Robin},
  journal={Energy and Buildings},
  volume={156},
  pages={1--16},
  year={2017},
  publisher={Elsevier}
}

@article{26,
  title={Comparison of passive cooling techniques in improving thermal comfort of occupants of a pre-fabricated building},
  author={Samani, Pouya and Leal, V{\'\i}tor and Mendes, Ad{\'e}lio and Correia, Nuno},
  journal={Energy and Buildings},
  volume={120},
  pages={30--44},
  year={2016},
  publisher={Elsevier}
}

@article{27,
  title={A review on windcatcher for passive cooling and natural ventilation in buildings, Part 1: Indoor air quality and thermal comfort assessment},
  author={Jomehzadeh, Fatemeh and Nejat, Payam and Calautit, John Kaiser and Yusof, Mohd Badruddin Mohd and Zaki, Sheikh Ahmad and Hughes, Ben Richard and Yazid, Muhammad Noor Afiq Witri Muhammad},
  journal={Renewable and Sustainable Energy Reviews},
  volume={70},
  pages={736--756},
  year={2017},
  publisher={Elsevier}
}

@article{28,
  title={A low-cost calibration method for temperature, relative humidity, and carbon dioxide sensors used in air quality monitoring systems},
  author={Gonz{\'a}lez Rivero, Rosa Amalia and Morera Hern{\'a}ndez, Luis Ernesto and Schalm, Olivier and Hern{\'a}ndez Rodr{\'\i}guez, Erik and Alejo S{\'a}nchez, Daniellys and Morales P{\'e}rez, Mayra C and Nu{\~n}ez Caraballo, Vladimir and Jacobs, Werner and Martinez Laguardia, Alain},
  journal={Atmosphere},
  volume={14},
  number={2},
  pages={191},
  year={2023},
  publisher={MDPI}
}
@article{persily1997co2,
  author    = {Andrew K. Persily},
  title     = {Evaluating Building IAQ and Ventilation with Indoor Carbon Dioxide},
  journal   = {ASHRAE Transactions},
  volume    = {103},
  number    = {2},
  pages     = {10530--4072},
  year      = {1997},
  note      = {Preprint for discussion purposes only},
  publisher = {American Society of Heating, Refrigerating and Air-Conditioning Engineers (ASHRAE)}
}

@article{29,
  title={Can increased outdoor CO2 concentrations impact on the ventilation and energy in buildings? A case study in Shanghai, China},
  author={Kim, Moon Keun and Choi, Joon-Ho},
  journal={Atmospheric environment},
  volume={210},
  pages={220--230},
  year={2019},
  publisher={Elsevier}
}

@article{30,
  title={Continuous monitoring of indoor environmental quality using an Arduino-based data acquisition system},
  author={Karami, Majid and McMorrow, Gabrielle Viola and Wang, Liping},
  journal={Journal of Building Engineering},
  volume={19},
  pages={412--419},
  year={2018},
  publisher={Elsevier}
}

@article{31,
  title={A review of CO2 measurement procedures in ventilation research},
  author={Mahyuddin, Norhayati and Awbi, Hazim},
  journal={International Journal of Ventilation},
  volume={10},
  number={4},
  pages={353--370},
  year={2012},
  publisher={Taylor \& Francis}
}

@article{32,
  title={Guidance to assess ventilation performance of a classroom based on CO2 monitoring},
  author={Zhang, Dadi and Ding, Er and Bluyssen, Philomena M},
  journal={Indoor and Built Environment},
  volume={31},
  number={4},
  pages={1107--1126},
  year={2022},
  publisher={SAGE Publications Sage UK: London, England}
}

@article{33,
  title={Optimal sensor placement for personal inhalation exposure detection in static and dynamic office environments},
  author={Yun, Seoyeon and Licina, Dusan},
  journal={Building and Environment},
  volume={241},
  pages={110459},
  year={2023},
  publisher={Elsevier}
}

@article{34,
  title={An introduction to the universal thermal climate index (UTCI)},
  author={B{\l}a{\.z}ejczyk, Krzysztof and Jendritzky, Gerd and Br{\"o}de, Peter and Fiala, Dusan and Havenith, George and Epstein, Yoram and Psikuta, Agnieszka and Kampmann, Bernhard},
  journal={Geographia Polonica},
  volume={86},
  number={1},
  pages={5--10},
  year={2013},
  publisher={IGiPZ PAN}
}

@article{35,
  title={Comparison of UTCI to selected thermal indices},
  author={Blazejczyk, Krzysztof and Epstein, Yoram and Jendritzky, Gerd and Staiger, Henning and Tinz, Birger},
  journal={International journal of biometeorology},
  volume={56},
  pages={515--535},
  year={2012},
  publisher={Springer}
}

@article{36,
  title={pythermalcomfort: A Python package for thermal comfort research},
  author={Tartarini, Federico and Schiavon, Stefano},
  journal={SoftwareX},
  volume={12},
  pages={100578},
  year={2020},
  publisher={Elsevier}
}

@article{37,
  title={Extreme wet-bulb temperatures in China: The significant role of moisture},
  author={Wang, Pinya and Leung, L Ruby and Lu, Jian and Song, Fengfei and Tang, Jianping},
  journal={Journal of Geophysical Research: Atmospheres},
  volume={124},
  number={22},
  pages={11944--11960},
  year={2019},
  publisher={Wiley Online Library}
}

@article{38,
  title={Forty years of Fanger’s model of thermal comfort: comfort for all?},
  author={Van Hoof, Joost},
  journal={Indoor air},
  volume={18},
  number={3},
  year={2008}
}

@article{39,
  title={Can commonly-used fan-driven air cleaning technologies improve indoor air quality? A literature review},
  author={Zhang, Yinping and Mo, Jinhan and Li, Yuguo and Sundell, Jan and Wargocki, Pawel and Zhang, Jensen and Little, John C and Corsi, Richard and Deng, Qihong and Leung, Michael HK and others},
  journal={Atmospheric Environment},
  volume={45},
  number={26},
  pages={4329--4343},
  year={2011},
  publisher={Elsevier}
}

@article{40,
  title={Ventilation strategies for good indoor air quality and energy efficiency},
  author={SeppEnen, Olli},
  journal={International Journal of Ventilation},
  volume={6},
  number={4},
  pages={297--306},
  year={2008},
  publisher={Taylor \& Francis}
}

@article{41,
  title={Building Operations: Balancing Energy Efficiency with Indoor Air Quality},
  author={Doty, Steve},
  journal={Energy Engineering},
  volume={106},
  number={4},
  pages={31--52},
  year={2009},
  publisher={Taylor \& Francis}
}

@article{42,
  title={Smart Sensor Infrastructure for Environmental Air Quality Monitoring},
  author={Pushpavalli, R and Mageshvaran, K and Anbarasu, N and Chandru, B},
  journal={International Journal of communication and computer Technologies},
  volume={12},
  number={1},
  pages={33--37},
  year={2024}
}

@article{sze2008ethnographic,
  title={An ethnographic comparison of wet markets and supermarkets in Hong Kong},
  author={Sze-Ki, LUI},
  journal={The Hong Kong Anthropologist},
  volume={2},
  pages={52},
  year={2008}
}


@ARTICLE{Fortunato2010,
  author  = {Fortunato, S.},
  title   = {Community detection in graphs},
  journal = {Phys. Rep.-Rev. Sec. Phys. Lett.}, 
  volume  = {486},
  year    = {2010},
  pages   = {75-174}
}

@ARTICLE{NewmanGirvan2004,
  author  = {Newman, M. E. J. and Girvan, M.},
  title   = {Finding and evaluating community structure in networks},
  journal = {Phys. Rev. E.}, 
  volume  = {69},
  year    = {2004},
  pages   = {026113}
}

@ARTICLE{Vehlowetal2013,
  author  = {Vehlow, C. and Reinhardt, T. and Weiskopf, D.},
  title   = {Visualizing Fuzzy Overlapping Communities in Networks},
  journal = {IEEE Trans. Vis. Comput. Graph.}, 
  volume  = {19},
  year    = {2013},
  pages   = {2486-2495}
}

@ARTICLE{Raghavanetal2007,
  author  = {Raghavan, U. and Albert, R. and Kumara, S.},
  title   = {Near linear time algorithm to detect community structures in large-scale networks},
  journal = {Phys. Rev E.}, 
  volume  = {76},
  year    = {2007},
  pages   = {036106}
}

@ARTICLE{SubeljBajec2011a,
  author  = {\v{S}ubelj, L. and Bajec, M.},
  title   = {Robust network community detection using balanced propagation},
  journal = {Eur. Phys. J. B.}, 
  volume  = {81},
  year    = {2011},
  pages   = {353-362}
}

@ARTICLE{Louetal2013,
  author  = {Lou, H. and Li, S. and Zhao, Y.},
  title   = {Detecting community structure using label propagation with weighted coherent neighborhood propinquity},
  journal = {Physica A.}, 
  volume  = {392},
  year    = {2013},
  pages   = {3095-3105}
}

@ARTICLE{Clausetetal2004,
  author  = {Clauset, A. and Newman, M. E. J. and Moore, C.},
  title   = {Finding community structure in very large networks},
  journal = {Phys. Rev. E.}, 
  volume  = {70},
  year    = {2004},
  pages   = {066111}
}

@ARTICLE{Blondeletal2008,
  author  = {Blondel, V. D. and Guillaume, J. L. and Lambiotte, R. and Lefebvre, E.},
  title   = {Fast unfolding of communities in large networks},
  journal = {J. Stat. Mech.-Theory Exp.}, 
  volume  = {2008},
  year    = {2008},
  pages   = {P10008}
}

@ARTICLE{SobolevskyCampari2014,
  author  = {Sobolevsky, S. and Campari, R.},
  title   = {General optimization technique for high-quality community detection in complex networks},
  journal = {Phys. Rev. E.}, 
  volume  = {90},
  year    = {2014},
  pages   = {012811}
}

@ARTICLE{FortunatoBarthelemy2007,
  author  = {Fortunato, S. and Barthelemy, M.},
  title   = {Resolution limit in community detection},
  journal = {Proc. Natl. Acad. Sci. U. S. A.}, 
  volume  = {104},
  year    = {2007},
  pages   = {36-41}
}

@ARTICLE{SubeljBajec2011b,
  author  = {\v{S}ubelj, L. and Bajec, M.},
  title   = {Unfolding communities in large complex networks: Combining defensive and offensive label propagation for core extraction},
  journal = {Phys. Rev. E.}, 
  volume  = {83},
  year    = {2011},
  pages   = {036103}
}

@ARTICLE{WangLi2013,
  author  = {Wang, X. and Li, J.},
  title   = {Detecting communities by the core-vertex and intimate degree in complex networks},
  journal = {Physica A.}, 
  volume  = {392},
  year    = {2013},
  pages   = {2555-2563}
}

@ARTICLE{Lietal2013,
  author  = {Li, J. and Wang, X. and Eustace, J.},
  title   = {Detecting overlapping communities by seed community in weighted complex networks},
  journal = {Physica A.}, 
  volume  = {392},
  year    = {2013},
  pages   = {6125-6134}
}

@ARTICLE{Fabioetal2013,
  author  = {Fabio, D. R. and Fabio, D. and Carlo, P.},
  title   = {Profiling core-periphery network structure by random walkers},
  journal = {Sci. Rep.}, 
  volume  = {3},
  year    = {2013},
  pages   = {1467}
}

@ARTICLE{Chenetal2013,
  author  = {Chen, Q. and Wu, T. T. and Fang, M.},
  title   = {Detecting local community structure in complex networks based on local degree central nodes},
  journal = {Physica A.}, 
  volume  = {392},
  year    = {2013},
  pages   = {529-537}
}

@ARTICLE{Zhangetal2007,
  author  = {Zhang, S. and Wang, R. and Zhang, X.},
  title   = {Identification of overlapping community structure in complex networks using fuzzy c-means clustering},
  journal = {Physica A.}, 
  volume  = {374},
  year    = {2007},
  pages   = {483-490}
}

@ARTICLE{Nepuszetal2008,
  author  = {Nepusz, T. and Petr\'oczi, A. and N\'egyessy, L. and Bazs\'o, F.},
  title   = {Fuzzy communities and the concept of bridgeness in complex networks},
  journal = {Phys. Rev. E.}, 
  volume  = {77},
  year    = {2008},
  pages   = {016107}
}

@ARTICLE{FabricioLiang2013,
  author  = {Fabricio, B. and Liang, Z.},
  title   = {Fuzzy community structure detection by particle competition and cooperation},
  journal = {Soft Comput.}, 
  volume  = {17},
  year    = {2013},
  pages   = {659-673}
}

@ARTICLE{Sunetal2011,
  author  = {Sun, P. and Gao, L. and Han, S.},
  title   = {Identification of overlapping and non-overlapping community structure by fuzzy clustering in complex networks},
  journal = {Inf. Sci.}, 
  volume  = {181},
  year    = {2011},
  pages   = {1060-1071}
}

@ARTICLE{Wangetal2013,
  author  = {Wang, W. and Liu, D. and Liu, X. and Pan, L.},
  title   = {Fuzzy overlapping community detection based on local random walk and multidimensional scaling},
  journal = {Physica A.}, 
  volume  = {392},
  year    = {2013},
  pages   = {6578-6586}
}

@ARTICLE{Psorakisetal2011,
  author  = {Psorakis, I. and Roberts, S. and Ebden, M. and Sheldon, B.},
  title   = {Overlapping community detection using Bayesian non-negative matrix factorization},
  journal = {Phys. Rev. E.}, 
  volume  = {83},
  year    = {2011},
  pages   = {066114}
}

@CONFERENCE{ZhangYeung2012,
  author  = {Zhang, Y. and Yeung, D.},
  title   = {Overlapping Community Detection via Bounded Nonnegative Matrix Tri-Factorization},
  booktitle = {In Proc. ACM SIGKDD Conf.}, 
  year    = {2012},
  pages   = {606-614}
}

@ARTICLE{Liu2010,
  author  = {Liu, J.},
  title   = {Fuzzy modularity and fuzzy community structure in networks},
  journal = {Eur. Phys. J. B.}, 
  volume  = {77},
  year    = {2010},
  pages   = {547-557}
}

@ARTICLE{Havensetal2013,
  author  = {Havens, T. C. and Bezdek, J. C. and Leckie, C., Ramamohanarao, K. and Palaniswami, M.},
  title   = {A Soft Modularity Function For Detecting Fuzzy Communities in Social Networks},
  journal = {IEEE Trans. Fuzzy Syst.}, 
  volume  = {21},
  year    = {2013},
  pages   = {1170-1175}
}

@misc{Newman2013,
  author = {Newman, M. E. J.},
  title  = {Network data},
  howpublished = "\url{http://www-personal.umich.edu/~mejn/netdata/}",
  year = {2013}
}

@ARTICLE{SubeljBajec2012,
  author  = {\v{S}ubelj, L. and Bajec, M.},
  title   = {Ubiquitousness of link-density and link-pattern communities in real-world networks},
  journal = {Eur. Phys. J. B.}, 
  volume  = {85},
  year    = {2012},
  pages   = {1-11}
}

@ARTICLE{Lancichinettietal2008,
  author  = {Lancichinetti, A. and Fortunato, S. and Radicchi, F.},
  title   = {Benchmark graphs for testing community detection algorithms},
  journal = {Phys. Rev. E.}, 
  volume  = {78},
  year    = {2008},
  pages   = {046110}
}

@ARTICLE{Liuetal2014,
  author  = {Liu, W. and Pellegrini, M. and Wang, X.},
  title   = {Detecting Communities Based on Network Topology},
  journal = {Sci. Rep.}, 
  volume  = {4},
  year    = {2014},
  pages   = {5739}
}

@ARTICLE{Danonetal2005,
  author  = {Danon, L. and Diaz-Guilera, A. and Duch, J. and Arenas, A.},
  title   = {Comparing community structure identification},
  journal = {J. Stat. Mech.-Theory Exp.}, 
  volume  = {},
  year    = {2005},
  pages   = {P09008}
}

@ARTICLE{Gregory2011,
  author  = {Gregory, S.},
  title   = {Fuzzy overlapping communities in networks},
  journal = {J. Stat. Mech.-Theory Exp.}, 
  volume  = {},
  year    = {2011},
  pages   = {P02017}
}

@ARTICLE{LancichinettiFortunato2009,
  author  = {Lancichinetti, A. and Fortunato, S.},
  title   = {Benchmarks for testing community detection algorithms on directed and weighted graphs with overlapping communities},
  journal = {Phys. Rev. E.}, 
  volume  = {80},
  year    = {2009},
  pages   = {016118}
}

@CONFERENCE{HullermeierRifqi2009,
  author  = {Hullermeier, E. and Rifqi, M.},
  title   = {A Fuzzy Variant of the Rand Index for Comparing Clustering Structures},
  booktitle = {in Proc. IFSA/EUSFLAT Conf.}, 
  year    = {2009},
  pages   = {1294-1298}
}

@article{peng2021exhaled,
  title={Exhaled CO2 as a COVID-19 infection risk proxy for different indoor environments and activities},
  author={Peng, Zhe and Jimenez, Jose L},
  journal={Environmental Science \& Technology Letters},
  volume={8},
  number={5},
  pages={392--397},
  year={2021},
  publisher={ACS Publications},
  doi={10.1021/acs.estlett.1c00183}
}
@article{bhagat2020effects,
  title={Effects of ventilation on the indoor spread of COVID-19},
  author={Bhagat, Rajesh K and Wykes, M S Davies and Dalziel, Stuart B and Linden, P F},
  journal={Journal of Fluid Mechanics},
  volume={903},
  pages={F1},
  year={2020},
  publisher={Cambridge University Press},
  doi={10.1017/jfm.2020.720}
}

@article{fisk2008,
  author    = {Fisk, William J. and Faulkner, David and Sullivan, David},
  title     = {CO₂ monitoring for demand controlled ventilation in commercial buildings},
  journal   = {Lawrence Berkeley National Laboratory},
  year      = {2008},
  url       = {https://escholarship.org/uc/item/2w98k1jb}
}

@book{ashrae2016,
  author    = {{ASHRAE}},
  title     = {Ventilation for Acceptable Indoor Air Quality, Standard 62.1},
  year      = {2016},
  url       = {https://www.ashrae.org/technical-resources/bookstore/standards-62-1-62-2}
}

@article{persily1997,
  author    = {Persily, Andrew},
  title     = {Evaluating building ventilation with carbon dioxide},
  journal   = {ASHRAE Transactions},
  volume    = {103},
  number    = {2},
  year      = {1997},
  url       = {https://www.nist.gov/publications/evaluating-building-ventilation-carbon-dioxide}
}

@article{rudnick2003,
  author    = {Rudnick, Stephen N. and Milton, David K.},
  title     = {Risk of indoor airborne infection transmission estimated from carbon dioxide concentration},
  journal   = {Indoor Air},
  volume    = {13},
  number    = {3},
  pages     = {237--245},
  year      = {2003},
  doi       = {10.1034/j.1600-0668.2003.00189.x},
  url       = {https://doi.org/10.1034/j.1600-0668.2003.00189.x}
}

@book{cec2019,
  author    = {{California Energy Commission}},
  title     = {California Energy Code: Title 24, Part 6},
  year      = {2019},
  url       = {https://www.energy.ca.gov/programs-and-topics/programs/building-energy-efficiency-standards}
}

@techreport{emmerich2005,
  author    = {Emmerich, Steven J. and Persily, Andrew K.},
  title     = {State-of-the-art review of CO₂ demand-controlled ventilation technology and application},
  institution = {National Institute of Standards and Technology (NIST)},
  year      = {2005},
  url       = {https://tsapps.nist.gov/publication/get_pdf.cfm?pub_id=860263}
}

@article{stymne1991,
  author    = {Stymne, Hans and Wyon, David},
  title     = {The importance of CO₂ sensor location in demand-controlled ventilation},
  journal   = {Indoor Air},
  volume    = {1},
  pages     = {407--414},
  year      = {1991},
  doi       = {10.1111/j.1600-0668.1991.00005.x},
  url       = {https://doi.org/10.1111/j.1600-0668.1991.00005.x}
}

@misc{sensirion2021,
  author    = {Sensirion},
  title     = {SCD41 - Miniaturized CO₂ sensor},
  year      = {2021},
  url       = {https://sensirion.com/products/catalog/SCD41/}
}

@misc{infineon2020,
  author    = {Infineon},
  title     = {XENSIV™ PAS CO₂ Sensor},
  year      = {2020},
  url       = {https://www.infineon.com/cms/en/product/sensor/co2-sensors/}
}

@misc{senseair2020,
  author    = {Senseair},
  title     = {Sunrise - Ultra Low Power NDIR CO₂ Sensor},
  year      = {2020},
  url       = {https://senseair.com/products/ndirc/sunrise/}
}

@article{lee2015,
  author    = {Lee, Jung Hoon and Park, Sung Kyun},
  title     = {Accuracy of low-cost CO₂ sensors for monitoring indoor air quality},
  journal   = {Building and Environment},
  volume    = {93},
  pages     = {173--181},
  year      = {2015},
  doi       = {10.1016/j.buildenv.2015.06.021},
  url       = {https://doi.org/10.1016/j.buildenv.2015.06.021}
}

@article{meier1993,
  author    = {Meier, Alan and Pritchard, Mark},
  title     = {The use of CO₂ for demand-controlled ventilation in commercial buildings},
  journal   = {Energy and Buildings},
  volume    = {19},
  number    = {3},
  pages     = {175--182},
  year      = {1993},
  doi       = {10.1016/0378-7788(93)90038-5},
  url       = {https://doi.org/10.1016/0378-7788(93)90038-5}
}

@book{ashrae1981,
  title     = {ANSI/ASHRAE Standard 62-1981: Ventilation for Acceptable Indoor Air Quality},
  author    = {{American Society of Heating, Refrigerating, and Air-Conditioning Engineers}},
  year      = {1981},
  publisher = {ASHRAE},
  address   = {Atlanta, GA},
  url       = {https://www.ashrae.org/technical-resources/standards-and-guidelines/read-only-versions-of-ashrae-standards}
}

@book{ashrae1989,
  title     = {ANSI/ASHRAE Standard 62-1989: Ventilation for Acceptable Indoor Air Quality},
  author    = {{American Society of Heating, Refrigerating, and Air-Conditioning Engineers}},
  year      = {1989},
  publisher = {ASHRAE},
  address   = {Atlanta, GA},
  url       = {https://www.ashrae.org/technical-resources/standards-and-guidelines/read-only-versions-of-ashrae-standards}
}

@book{ashrae1999,
  title     = {ANSI/ASHRAE Standard 62-1999: Ventilation for Acceptable Indoor Air Quality},
  author    = {{American Society of Heating, Refrigerating, and Air-Conditioning Engineers}},
  year      = {1999},
  publisher = {ASHRAE},
  address   = {Atlanta, GA},
  url       = {https://www.ashrae.org/technical-resources/standards-and-guidelines/read-only-versions-of-ashrae-standards}
}

@book{ashrae2001,
  title     = {ANSI/ASHRAE Standard 62-2001: Ventilation for Acceptable Indoor Air Quality},
  author    = {{American Society of Heating, Refrigerating, and Air-Conditioning Engineers}},
  year      = {2001},
  publisher = {ASHRAE},
  address   = {Atlanta, GA},
  url       = {https://www.ashrae.org/technical-resources/standards-and-guidelines/read-only-versions-of-ashrae-standards}
}

@article{persily2002,
  author    = {Persily, Andrew K.},
  title     = {Challenges in Developing Ventilation and Indoor Air Quality Standards: The Story of ASHRAE Standard 62},
  journal   = {Proceedings of Indoor Air 2002},
  year      = {2002},
  pages     = {324--329},
  url       = {https://tsapps.nist.gov/publication/get_pdf.cfm?pub_id=860869}
}

@misc{ashrae2022,
  title     = {ANSI/ASHRAE Standard 62.1-2022: Ventilation and Acceptable Indoor Air Quality},
  author    = {{American Society of Heating, Refrigerating, and Air-Conditioning Engineers}},
  year      = {2022},
  publisher = {ASHRAE},
  address   = {Atlanta, GA},
  url       = {https://www.ashrae.org/technical-resources/bookstore/standards-62-1-62-2}
}


@misc{sensirion_scd4x_nodate,
	title = {{SCD4x} {Breaking} the size barrier in optical {CO2} sensing},
	url = {https://sensirion.com/media/documents/48C4B7FB/66E05452/CD_DS_SCD4x_Datasheet_D1.pdf},
	urldate = {2025-03-16},
	publisher = {Sensirion},
	author = {{Sensirion}},
	file = {CD_DS_SCD4x_Datasheet_D1.pdf:/Users/guo/Zotero/storage/BIS2EWF4/CD_DS_SCD4x_Datasheet_D1.pdf:application/pdf},
}

@book{fradenHandbookModernSensors2016,
  title     = {Handbook of Modern Sensors: Physics, Designs, and Applications},
  author    = {Jacob Fraden},
  year      = {2016},
  publisher = {Springer International Publishing},
  address   = {New York},
  url       = {https://link.springer.com/10.1007/978-3-319-19303-8}
}


@misc{dennis_lau__ng_chun_man_architects__engineers_hk_limited_level_1979,
	title = {Level three (market) floor plan, {Urban} {Council} {Aberdeen} {Market} {Complex} (circa 1979–1983), {Aberdeen}, {Hong} {Kong} ({July} 1979, revised 30 {November} 1982, digitised [2000s]) - {Dennis} {Lau} \& {Ng} {Chun} {Man} {Architects} \& {Engineers} ({HK}) {Limited} {\textbar} {Objects} {\textbar} {M}+},
	abstract = {Job number: 912; drawing number: A-3G; scale: 1/100; plan: plan at lev. 3; original title: proposed Aberdeen market 23UC (M) Aberdeen, H.K.},
	language = {en-US},
	urldate = {2025-03-24},
	author = {{Dennis Lau \& Ng Chun Man Architects \& Engineers (HK) Limited}},
	year = {1979},
	file = {Snapshot:/Users/hongshanguo/Zotero/storage/XV92FX37/level-three-market-floor-plan-urban-council-aberdeen-market-complex-circa-19791983-aberdeen-hon.html:text/html},
}

@misc{dennis_lau__ng_chun_man_architects__engineers_hk_limited_section_1979,
	title = {Section {A}-{A}, {Urban} {Council} {Aberdeen} {Market} {Complex} (circa 1979–1983), {Aberdeen}, {Hong} {Kong} ({October} 1979, revised 30 {November} 1982, digitised [2000s]) - {Dennis} {Lau} \& {Ng} {Chun} {Man} {Architects} \& {Engineers} ({HK}) {Limited} {\textbar} {Objects} {\textbar} {M}+},
	abstract = {Job number: 912; drawing number: A-12D; scale: 1/100; original title: proposed Aberdeen market 23UC (M) Aberdeen, H.K.},
	language = {en-US},
	urldate = {2025-03-24},
	author = {{Dennis Lau \& Ng Chun Man Architects \& Engineers (HK) Limited}},
	year = {1979},
	file = {Snapshot:/Users/hongshanguo/Zotero/storage/J38RAEJ6/section-a-a-urban-council-aberdeen-market-complex-circa-19791983-aberdeen-hong-kong-ca11-5-1-10.html:text/html},
}

@misc{southern_district_council_market_2020,
	title = {Market {Modernisation} {Programme} project in {Aberdeen} {Market}},
	abstract = {This paper aims to brief Members on the progress of the Market Modernisation
Programme (MMP) project in Aberdeen Market and the detailed layout design of the
overhauled Aberdeen Market},
	language = {en},
	publisher = {Environment, Hygiene and Healthcare Committee, HK Government},
	author = {{Southern District Council}},
	month = sep,
	year = {2020},
	file = {PDF:/Users/hongshanguo/Zotero/storage/97N32IU7/EHHC_2020_35_EN-3.pdf:application/pdf},
}
