@book{Fanger1970,
  title     = {Thermal comfort: analysis and applications in environmental engineering},
  author    = {Fanger, P. Ole},
  year      = {1970},
  publisher = {McGraw-Hill},
  address   = {New York}
}

@article{Foldvary2018,
  title   = {Development of the {ASHRAE} Global Thermal Comfort Database {II}},
  author  = {F{\"o}ldv{\'a}ry Li{\v{c}}ina, Veronika and Cheung, Toby and Zhang, Hui and de Dear, Richard and Parkinson, Thomas and Arens, Edward and Chun, Chungyoon and Schiavon, Stefano and Luo, Maohui and Brager, Gail and others},
  journal = {Building and Environment},
  volume  = {142},
  pages   = {502--512},
  year    = {2018},
  publisher = {Elsevier}
}

@article{Zhai2023,
  title   = {The Chinese thermal comfort dataset},
  author  = {Zhai, Yongchao and Zhang, Chenchen and Wang, Sheng and Zhang, Yufeng and Meng, Qinglin and Yang, Liu and Zhao, Rui and Zhang, Qi and Huang, Xiaoqiang and Xu, Yingdong and others},
  journal = {Scientific Data},
  volume  = {10},
  number  = {1},
  pages   = {662},
  year    = {2023},
  publisher = {Nature Publishing Group UK London}
}

@misc{Geopy,
  title  = {geopy},
  author = {Kostya Esmukov and others},
  year   = {2024},
  note   = {Version 2.4.1. Available at: \url{https://github.com/geopy/geopy}}
}

@article{Rubin1976,
  title   = {Inference and missing data},
  author  = {Rubin, Donald B},
  journal = {Biometrika},
  volume  = {63},
  number  = {3},
  pages   = {581--592},
  year    = {1976},
  publisher = {Oxford University Press}
}

@article{Kingma2014Adam,
  title   = {Adam: A method for stochastic optimization},
  author  = {Kingma, Diederik P and Ba, Jimmy},
  journal = {arXiv preprint arXiv:1412.6980},
  year    = {2014}
}
% Note: Adam was presented at ICLR 2015, the arXiv preprint is from 2014. Cite based on journal preference.

@inproceedings{Ke2017LightGBM,
  title     = {LightGBM: A highly efficient gradient boosting decision tree},
  author    = {Ke, Guolin and Meng, Qi and Finley, Thomas and Wang, Taifeng and Chen, Wei and Ma, Weidong and Ye, Qiwei and Liu, Tie-Yan},
  booktitle = {Advances in Neural Information Processing Systems 30 (NIPS 2017)},
  pages     = {3146--3154},
  year      = {2017}
}

@article{Raissi2019PINN,
  title   = {Physics-informed neural networks: A deep learning framework for solving forward and inverse problems involving nonlinear partial differential equations},
  author  = {Raissi, Maziar and Perdikaris, Paris and Karniadakis, George E},
  journal = {Journal of Computational Physics},
  volume  = {378},
  pages   = {686--707},
  year    = {2019},
  publisher = {Elsevier}
}

@article{Kingma2013VAE,
  title   = {Auto-encoding variational Bayes},
  author  = {Kingma, Diederik P and Welling, Max},
  journal = {arXiv preprint arXiv:1312.6114},
  year    = {2013}
}
% Note: This is the original VAE paper, often cited alongside Kingma & Welling's 2019 introduction.

@article{Kingma2019IntroVAE,
  title={An Introduction to Variational Autoencoders},
  author={Kingma, Diederik P. and Welling, Max},
  journal={Foundations and Trends in Machine Learning},
  volume={12},
  number={4},
  pages={307--392},
  year={2019},
  publisher={Now Publishers},
  doi={10.1561/2200000056},
  url={https://doi.org/10.1561/2200000056}
}


@article{Gagge1971,
  title   = {An effective temperature scale based on a simple model of human physiological regulatory response},
  author  = {Gagge, A. P. and Stolwijk, J. A. J. and Nishi, Y.},
  journal = {ASHRAE Transactions},
  volume  = {77},
  number  = {1},
  pages   = {247--262},
  year    = {1971}
}
% This is the original two-node model paper.

@article{Gagge1986,
  title   = {A standard predictive index of human response to the thermal environment},
  author  = {Gagge, A Pharo and Fobelets, A P and Berglund, L G},
  journal = {ASHRAE Transactions},
  volume  = {92},
  number  = {2B},
  pages   = {709--731},
  year    = {1986}
}
% This paper introduced SET* based on the two-node model and is widely cited.

@article{Roza1984,
  title   = {The Harris Benedict equation reevaluated: resting energy requirements and the body cell mass},
  author  = {Roza, Allan M and Shizgal, Harry M},
  journal = {The American journal of clinical nutrition},
  volume  = {40},
  number  = {1},
  pages   = {168--182},
  year    = {1984},
  publisher = {Am Soc Nutrition}
}

@article{Mifflin1990,
  title   = {A new predictive equation for resting energy expenditure in healthy individuals},
  author  = {Mifflin, Mark D and St Jeor, Sachiko T and Hill, Lynn A and Scott, Barbara J and Daugherty, Sandra A and Koh, Young O},
  journal = {The American journal of clinical nutrition},
  volume  = {51},
  number  = {2},
  pages   = {241--247},
  year    = {1990},
  publisher = {Am Soc Nutrition}
}

@article{Livingston2005,
  title   = {Simplified resting metabolic rate-predicting formulas for normal-sized and obese individuals},
  author  = {Livingston, Edward H and Kohlstadt, Ingrid},
  journal = {Obesity research},
  volume  = {13},
  number  = {7},
  pages   = {1255--1262},
  year    = {2005},
  publisher = {Wiley Online Library}
}

@article{DuBois1916,
  title   = {A formula to estimate the approximate surface area if height and weight be known},
  author  = {Du Bois, Delafield and Du Bois, Eugene F},
  journal = {Archives of internal medicine},
  volume  = {17},
  number  = {6},
  pages   = {863--871},
  year    = {1916},
  publisher = {American Medical Association}
}

@standard{ASHRAE55,
  organization = {American Society of Heating, Refrigerating and Air-Conditioning Engineers},
  title        = {ANSI/ASHRAE Standard 55-2020: Thermal Environmental Conditions for Human Occupancy},
  year         = {2020},
  address      = {Atlanta, GA}
}
% Note: Use the latest version of the standard (e.g., 2020 or later if available).

@article{Stolwijk1971,
  title     = {A mathematical model of physiological temperature regulation in man},
  author    = {Stolwijk, J. A. J.},
  journal   = {NASA Contractor Report CR-1855},
  year      = {1971},
  publisher = {NASA}
}

@article{Takahashi2002JOS,
  title   = {Development of JOS-2 thermoregulation model for Japanese},
  author  = {Takahashi, Kenichi and Ogawa, Takeshi and Miyamoto, Ken-ichi and Ohnaka, Tadakatsu},
  journal = {Journal of the Society of Heating, Air-Conditioning and Sanitary Engineers of Japan},
  volume  = {76},
  number  = {7},
  pages   = {621--628},
  year    = {2002}
}
% Note: Might be hard to access, often cited via secondary sources or later versions (e.g., JOS-3).

@article{deDear1998Adaptive,
  title   = {Developing an adaptive model of thermal comfort and preference},
  author  = {de Dear, Richard J and Brager, Gail S},
  journal = {ASHRAE Transactions},
  volume  = {104},
  number  = {1A},
  pages   = {145--167},
  year    = {1998}
}

@article{foldvary2018ashrae,
  title={Development of the ASHRAE Global Thermal Comfort Database II},
  author={Földváry Ličina, Veronika and Cheung, Toby and Zhang, Hui and de Dear, Richard and Parkinson, Thomas and Arens, Edward and others},
  journal={Building and Environment},
  volume={142},
  pages={502--512},
  year={2018},
  publisher={Elsevier},
  doi={10.1016/j.buildenv.2018.06.022}
}

@article{yang2023chinese,
  title={The Chinese thermal comfort dataset},
  author={Yang, Liu and Zhao, Shengkai and Zhai, Yuguo and others},
  journal={Scientific Data},
  volume={10},
  number={1},
  pages={662},
  year={2023},
  publisher={Nature Publishing Group},
  doi={10.1038/s41597-023-02568-3}
}

@article{gagge1986standard,
  title={A standard predictive index of human response to the thermal environment},
  author={Gagge, A. P. and Fobelets, A. P. and Berglund, L. G.},
  journal={ASHRAE Transactions},
  volume={92},
  number={2},
  pages={709--731},
  year={1986}
}

@inproceedings{ke2017lightgbm,
  title={LightGBM: A Highly Efficient Gradient Boosting Decision Tree},
  author={Ke, Guolin and Meng, Qi and Finley, Thomas and Wang, Taifeng and Chen, Wei and Ma, Weidong and Ye, Qiwei and Liu, Tie-Yan},
  booktitle={Advances in Neural Information Processing Systems},
  volume={30},
  year={2017},
  publisher={Curran Associates, Inc.},
  doi={10.5555/3294996.3295074}
}

@article{kingma2013auto,
  title={Auto-Encoding Variational Bayes},
  author={Kingma, Diederik P. and Welling, Max},
  journal={arXiv preprint arXiv:1312.6114},
  year={2013},
  url={https://arxiv.org/abs/1312.6114}
}

@article{raissi2019physics,
  title={Physics-informed neural networks: A deep learning framework for solving forward and inverse problems involving nonlinear partial differential equations},
  author={Raissi, Maziar and Perdikaris, Paris and Karniadakis, George E.},
  journal={Journal of Computational Physics},
  volume={378},
  pages={686--707},
  year={2019},
  publisher={Elsevier},
  doi={10.1016/j.jcp.2018.10.045}
}
@book{vanbuuren2018flexible,
  title={Flexible Imputation of Missing Data},
  author={van Buuren, Stef},
  year={2018},
  publisher={Chapman and Hall/CRC}
}
@article{fang2022data,
  title={Data-driven personal thermal comfort prediction: A literature review},
  author={Fang, Zhiwei and Zhang, Yufeng},
  journal={Renewable and Sustainable Energy Reviews},
  volume={161},
  pages={112357},
  year={2022},
  publisher={Elsevier},
  doi={10.1016/j.rser.2022.112357}
}
@article{ashrafi2022machine,
  title={Machine Learning-Based Automated Thermal Comfort Prediction: Integration of Low-Cost Thermal and Visual Cameras for Higher Accuracy},
  author={Ashrafi, Roshanak and Azarbayjani, Mona and Tabkhi, Hamed},
  journal={arXiv preprint arXiv:2204.08463},
  year={2022},
  url={https://arxiv.org/abs/2204.08463}
}
@article{quintana2024dataset,
  title={A Dataset and Benchmark for Thermal Comfort Estimation Indoors},
  author={Quintana, Mario and others},
  journal={Proceedings of the ACM on Interactive, Mobile, Wearable and Ubiquitous Technologies},
  volume={8},
  number={1},
  pages={Article 25},
  year={2024},
  publisher={ACM},
  doi={10.1145/3678503}
}
@article{nazabal2020handling,
  title={Handling Incomplete Heterogeneous Data using VAEs},
  author={Nazabal, Adriana and Olmos, Pablo M. and Ghahramani, Zoubin and Valera, Isabel},
  journal={Pattern Recognition},
  volume={107},
  pages={107501},
  year={2020},
  publisher={Elsevier},
  doi={10.1016/j.patcog.2020.107501}
}
@article{Roza1984,
  title   = {The Harris Benedict equation reevaluated: resting energy requirements and the body cell mass},
  author  = {Roza, Allan M and Shizgal, Harry M},
  journal = {The American journal of clinical nutrition},
  volume  = {40},
  number  = {1},
  pages   = {168--182},
  year    = {1984},
  publisher = {Am Soc Nutrition},
  doi     = {10.1093/ajcn/40.1.168},
  pmid    = {6741850}
}

@article{Jain2018,
  title   = {Using Personal Environmental Comfort Systems to Mitigate the Impact of Occupancy Prediction Errors on {HVAC} Performance},
  author  = {Jain, Milan and Kalaimani, Rachel K. and Keshav, Srinivasan and Rosenberg, Catherine},
  journal = {arXiv preprint arXiv:1810.10619},
  year    = {2018},
  eprint  = {1810.10619},
  archivePrefix = {arXiv},
  primaryClass = {eess.SY}
}
@article{Tartarini_pythermalcomfort_2020,
    doi = {10.21105/joss.02178},
    url = {https://doi.org/10.21105/joss.02178},
    year = {2020},
    publisher = {The Open Journal},
    volume = {5},
    number = {51},
    pages = {2178},
    author = {Federico Tartarini and Stefano Schiavon},
    title = {pythermalcomfort: A Python package for thermal comfort calculations},
    journal = {Journal of Open Source Software}
}