
@book{Fanger1970,
  author    = {Fanger, P. O.},
  title     = {Thermal Comfort. Analysis and Applications in Environmental Engineering},
  publisher = {McGraw-Hill},
  year      = {1970}
}

@standard{ASHRAE55_2023,
  title   = {ANSI/ASHRAE Standard 55-2023: Thermal Environmental Conditions for Human Occupancy},
  organization = {American Society of Heating, Refrigerating and Air-Conditioning Engineers},
  year    = {2023}
}

@techreport{DOEPrototype2018,
  title   = {Commercial Prototype Building Models of ASHRAE Standard 90.1-2019},
  institution = {U.S. Department of Energy},
  year    = {2018},
  note    = {OpenStudio model library}
}

@standard{EN16798_2019,
  title   = {EN 16798-1:2019 Energy Performance of Buildings -- Ventilation for Buildings -- Indoor Environmental Input Parameters},
  organization = {European Committee for Standardization},
  year    = {2019}
}

@standard{GB50189_2015,
  title   = {GB 50189-2015: Design Standard for Energy Efficiency of Public Buildings},
  organization = {Ministry of Housing and Urban-Rural Development of the People’s Republic of China},
  year    = {2015}
}

@standard{ISO8996_2021,
  title   = {ISO 8996:2021 Ergonomics of the Thermal Environment -- Determination of Metabolic Rate},
  organization = {International Organization for Standardization},
  year    = {2021}
}

@article{Karjalainen2007,
  author    = {Karjalainen, S.},
  title     = {Gender Differences in Thermal Comfort and Acceptable Temperature Ranges: A Literature Survey},
  journal   = {Applied Energy},
  volume    = {14},
  number    = {1},
  pages     = {69--80},
  year      = {2007}
}

@article{Schweiker2012,
  author    = {Schweiker, M. and Shukuya, M.},
  title     = {Comparison of theoretical and statistical models of air-conditioning-use behaviour in a residential setting under Japanese climatic conditions},
  journal   = {Building and Environment},
  volume    = {49},
  pages     = {23--34},
  year      = {2012}
}

@article{Kim2021,
  author    = {Kim, J. and de Dear, R. and Parkinson, T.},
  title     = {A Systematic Review of Overcooling Complaints in Office Buildings},
  journal   = {Energy and Buildings},
  volume    = {231},
  pages     = {110582},
  year      = {2021}
}

@article{Henry2005,
  author    = {Henry, C.~J.~K.},
  title     = {Basal Metabolic Rate Studies in Humans: Measurement and Development of New Equations},
  journal   = {Public Health Nutrition},
  volume    = {8},
  number    = {7A},
  pages     = {1133--1152},
  year      = {2005}
}

@article{HarrisBenedict1918,
  author    = {Harris, J.~A. and Benedict, F.~G.},
  title     = {A Biometric Study of Basal Metabolism in Man},
  journal   = {Carnegie Institute Publication},
  volume    = {279},
  year      = {1918}
}

@article{Cunningham1980,
  author    = {Cunningham, J.~J.},
  title     = {A Reanalysis of the Factors Influencing Basal Metabolic Rate in Normal Adults},
  journal   = {The American Journal of Clinical Nutrition},
  volume    = {33},
  number    = {11},
  pages     = {2372--2374},
  year      = {1980}
}

@article{Mifflin1990,
  author    = {Mifflin, M.~D. and St~Jeor, S.~T. and Hill, L.~A. and Scott, B.~J. and Daugherty, S.~A. and Koh, Y.~O.},
  title     = {A New Predictive Equation for Resting Energy Expenditure in Healthy Individuals},
  journal   = {The American Journal of Clinical Nutrition},
  volume    = {51},
  number    = {2},
  pages     = {241--247},
  year      = {1990}
}

@standard{JISA4706_2007,
  title   = {JIS A 4706:2007: Energy Performance of Buildings -- Calculation of Energy Use for Space Heating and Cooling},
  organization = {Japanese Standards Association},
  year    = {2007}
}

@standard{ECBC2017,
  title   = {Energy Conservation Building Code (ECBC) 2017},
  organization = {Bureau of Energy Efficiency, Government of India},
  year    = {2017}
}


@article{Schofield1985,
  author    = {Schofield, W. N.},
  title     = {Predicting basal metabolic rate, new standards and review of previous work},
  journal   = {Human Nutrition. Clinical Nutrition},
  volume    = {39 Suppl 1},
  pages     = {5--41},
  year      = {1985}
}

@standard{ISO8996_2021,
  title   = {ISO 8996:2021 Ergonomics of the Thermal Environment — Determination of Metabolic Rate},
  organization = {International Organization for Standardization},
  year    = {2021}
}

@article{Gallagher2000,
  author    = {Gallagher, D. and Heymsfield, S. B. and Heo, M. and Jebb, S. A. and Murgatroyd, P. R. and Sakamoto, Y.},
  title     = {Healthy percentage body fat ranges: an approach for developing guidelines based on body mass index},
  journal   = {The American Journal of Clinical Nutrition},
  volume    = {72},
  number    = {3},
  pages     = {694--701},
  year      = {2000}
}

@misc{ACS2022,
  author = {U.S. Census Bureau},
  title = {American Community Survey 2022 1-Year Public Use Microdata Sample},
  year = {2023},
  note = {Accessed 30 May 2025}
}

@misc{Eurostat2022,
  author = {Eurostat},
  title = {EU Population Body Mass Index Dataset (HLTH_BMC) -- 2022 edition},
  year = {2023},
  note = {Accessed 30 May 2025}
}

@misc{NBS2020,
  author = {National Bureau of Statistics of China},
  title = {China Health and Nutrition Survey 2020 Summary Statistics},
  year = {2022},
  note = {Accessed 30 May 2025; in Chinese}
}
@article{Kang2018OccupancyDensity,
  author  = {Kang, Hoil and Lee, Myung and Hong, Taehoon and Choi, Jong-Kook},
  title   = {Determining the optimal occupancy density for reducing the energy consumption of public office buildings: A statistical approach},
  journal = {Building and Environment},
  year    = {2018},
  volume  = {127},
  pages   = {126--139},
  doi     = {10.1016/j.buildenv.2017.11.010}
}

@article{FoldvaryLicina2018GTCDB2,
  author  = {Földváry Ličina, Veronika and Cheung, Toby and Zhang, Hui and de Dear, Richard and Parkinson, Thomas and Arens, Edward},
  title   = {Development of the ASHRAE Global Thermal Comfort Database II},
  journal = {Building and Environment},
  year    = {2018},
  volume  = {142},
  pages   = {167--183},
  doi     = {10.1016/j.buildenv.2018.06.022}
}

@article{Kim2018AdaptiveSetpoint,
  author  = {Kim, Jongwon and Schiavon, Stefano and Brager, Gail},
  title   = {Implementation of adaptive temperature set-point control in a mixed-mode office: Energy and comfort performance},
  journal = {Energy and Buildings},
  year    = {2018},
  volume  = {180},
  pages   = {124--139},
  doi     = {10.1016/j.enbuild.2018.09.012}
}

@article{Cena2001HotAridComfort,
  author  = {Cena, Konrad and de Dear, Richard},
  title   = {Thermal comfort and behavioural strategies in office buildings located in a hot-arid climate},
  journal = {Journal of Thermal Biology},
  year    = {2001},
  volume  = {26},
  number  = {4--5},
  pages   = {409--414},
  doi     = {10.1016/S0306-4565(01)00052-3}
}

@article{Rupp2021HumidityDCV,
  author  = {Rupp, Ricardo F. and Vásquez, Nelson G. and Lamberts, Roberto},
  title   = {Humidity-based demand-controlled ventilation strategies: Energy and indoor environmental quality trade-offs in warm-humid offices},
  journal = {Energy and Buildings},
  year    = {2021},
  volume  = {244},
  pages   = {111048},
  doi     = {10.1016/j.enbuild.2021.111048}
}
