@article{parkinson2019development,
	title        = {Development of the ASHRAE Global Thermal Comfort Database II},
	author       = {Parkinson, Thomas and de Dear, Richard and Brager, Gail and Arens, Edward and Zhang, Hui and Schiavon, Stefano and Luo, Maohui and Li, Peixian and Tartarini, Federico and Cheung, Toby and others},
	year         = 2018,
	journal      = {Building and Environment},
	publisher    = {Elsevier},
	volume       = 142,
	pages        = {502--512}
}
@article{kim2018predicting,
	title        = {Predicting thermal sensation in a built environment: Statistical vs. machine learning models},
	author       = {Kim, Jae Hyun and Zhou, Xin},
	year         = 2018,
	journal      = {Energy and Buildings},
	publisher    = {Elsevier},
	volume       = 167,
	pages        = {341--355}
}
@article{gagge1971effective,
	title        = {An effective temperature scale based on a simple model of human physiological regulatory response},
	author       = {Gagge, AP and Stolwijk, JA and Nishi, Y},
	year         = 1971,
	journal      = {ASHRAE transactions},
	volume       = 77,
	number       = 1,
	pages        = {247--262}
}
@article{japan2020thermoregulation,
	title        = {Thermoregulation model JOS-3 with new open source code},
	author       = {Japan, S},
	year         = 2020,
	journal      = {ResearchGate}
}
@article{cheung2019development,
	title        = {Development of the ASHRAE Global Thermal Comfort Database II},
	author       = {Cheung, Toby and Schiavon, Stefano and Parkinson, Thomas and Li{\v{c}}ina, Veronika F and Sekhar, Chandra and Brager, Gail and de Dear, Richard and Olesen, Bjarne W and Zhu, Yingxin and Arens, Edward},
	year         = 2018,
	journal      = {Building and Environment},
	publisher    = {Elsevier},
	volume       = 142,
	pages        = {502--512},
	doi          = {10.1016/j.buildenv.2018.06.022},
	url          = {https://repository.lboro.ac.uk/articles/Development_of_the_ASHRAE_Global_Thermal_Comfort_Database_II/9438563/files/17060024.pdf}
}
@inproceedings{su2022field,
	title        = {Field measurement of human thermal comfort in winter across China},
	author       = {Su, Xiaowen and Olesen, Bjarne W and Wang, Zhaojun and Kazanci, Ongun Berk},
	year         = 2022,
	booktitle    = {Proceedings of the 3rd International Conference on Comfort at the Extremes: Covid, Climate Change and Ventilation},
	publisher    = {Ecohouse Initiative Ltd.},
	pages        = {90--104},
	url          = {https://orbit.dtu.dk/en/publications/field-measurement-of-human-thermal-comfort-in-winter-across-china}
}
@article{yang2023comparative,
	title        = {Comparative Analysis of Indoor Thermal Environment Characteristics and Occupants’ Adaptability: Insights from ASHRAE RP-884 and the Chinese Thermal Comfort Database},
	author       = {Yang, Liu and Wang, Feixiang and Zhao, Shengkai and Gao, Siru and Yan, Haiyan and Sun, Zhen and Lian, Zhiwei and Duanmu, Lin and Zhang, Yufeng and Zhou, Xiang and others},
	year         = 2023,
	journal      = {SSRN Electronic Journal},
	publisher    = {Elsevier},
	doi          = {10.2139/ssrn.4620400},
	url          = {https://papers.ssrn.com/sol3/papers.cfm?abstract_id=4620400}
}
@article{kim2019field,
	title        = {Field study of human thermal comfort and thermal adaptability during summer and winter in Beijing},
	author       = {Kim, Jae-Han and de Dear, Richard and Parkinson, Thomas and Candido, Christhina and Brager, Gail},
	year         = 2020,
	journal      = {Energy and Buildings},
	publisher    = {Elsevier},
	volume       = 223,
	pages        = 110136,
	doi          = {10.1016/j.enbuild.2020.110136},
	url          = {https://www.sciencedirect.com/science/article/pii/S0378778819332372}
}
@article{shaeri2025multimodal,
	title        = {A Multimodal Physics-Informed Neural Network Approach for Mean Radiant Temperature Modeling},
	author       = {Shaeri, Pouya and AlKhaled, Saud and Middel, Ariane},
	year         = 2025,
	journal      = {arXiv preprint arXiv:2503.08482},
	url          = {https://arxiv.org/html/2503.08482v1}
}
@article{tartarini2022personal,
	title        = {Personal comfort models based on a 6-month experiment using environmental parameters and data from wearables},
	author       = {Tartarini, Federico and Schiavon, Stefano and Quintana, Matias and Miller, Clayton},
	year         = 2022,
	journal      = {Indoor Air},
	publisher    = {Wiley Online Library},
	volume       = 32,
	number       = 11,
	pages        = {e13160},
	doi          = {10.1111/ina.13160},
	url          = {https://pmc.ncbi.nlm.nih.gov/articles/PMC9827859/}
}
@article{foldvary_licina_development_2018,
	title        = {Development of the {ASHRAE} {Global} {Thermal} {Comfort} {Database} {II}},
	author       = {Földváry Ličina, Veronika and Cheung, Toby and Zhang, Hui and de Dear, Richard and Parkinson, Thomas and Arens, Edward and Chun, Chungyoon and Schiavon, Stefano and Luo, Maohui and Brager, Gail and Li, Peixian and Kaam, Soazig and Adebamowo, Michael A. and Andamon, Mary Myla and Babich, Francesco and Bouden, Chiheb and Bukovianska, Hana and Candido, Christhina and Cao, Bin and Carlucci, Salvatore and Cheong, David K. W. and Choi, Joon-Ho and Cook, Malcolm and Cropper, Paul and Deuble, Max and Heidari, Shahin and Indraganti, Madhavi and Jin, Quan and Kim, Hyojin and Kim, Jungsoo and Konis, Kyle and Singh, Manoj K. and Kwok, Alison and Lamberts, Roberto and Loveday, Dennis and Langevin, Jared and Manu, Sanyogita and Moosmann, Cornelia and Nicol, Fergus and Ooka, Ryozo and Oseland, Nigel A. and Pagliano, Lorenzo and Petráš, Dušan and Rawal, Rajan and Romero, Ramona and Rijal, Hom Bahadur and Sekhar, Chandra and Schweiker, Marcel and Tartarini, Federico and Tanabe, Shin-ichi and Tham, Kwok Wai and Teli, Despoina and Toftum, Jorn and Toledo, Linda and Tsuzuki, Kazuyo and De Vecchi, Renata and Wagner, Andreas and Wang, Zhaojun and Wallbaum, Holger and Webb, Lynda and Yang, Liu and Zhu, Yingxin and Zhai, Yongchao and Zhang, Yufeng and Zhou, Xiang},
	year         = 2018,
	month        = sep,
	journal      = {Building and Environment},
	volume       = 142,
	pages        = {502--512},
	doi          = {10.1016/j.buildenv.2018.06.022},
	issn         = {0360-1323},
	url          = {https://www.sciencedirect.com/science/article/pii/S0360132318303652},
	urldate      = {2025-04-01},
	keywords     = {Data repository, Field study, Thermal comfort, Visualization tool}
}
@article{su_field_2022,
	title        = {Field measurement of human thermal comfort in winter across {China}: 2022 {International} {Conference} on {Comfort} at the {Extremes} ({CATE22})},
	shorttitle   = {Field measurement of human thermal comfort in winter across {China}},
	author       = {Su, Xiaowen and Olesen, Bjarne W. and Wang, Zhaojun and Kazanci, Ongun Berk},
	year         = 2022,
	journal      = {Proceedings of the 3rd International Conference on Comfort at the Extremes},
	pages        = {90--104},
	note         = {Publisher: Ecohouse Initative Ltd.},
	editor       = {Roaf, Susan and Finlayson, Will},
	keywords     = {Climatic zones, Clothing level, Field study, Neutral temperature range, Thermal comfort}
}
@misc{yang_comparative_2023,
	title        = {Comparative {Analysis} of {Indoor} {Thermal} {Environment} {Characteristics} and {Occupants}’ {Adaptability}: {Insights} from {Ashrae} {Rp}-884 and the {Chinese} {Thermal} {Comfort} {Database}},
	shorttitle   = {Comparative {Analysis} of {Indoor} {Thermal} {Environment} {Characteristics} and {Occupants}’ {Adaptability}},
	author       = {Yang, Liu and Wang, Feixiang and Zhao, Shengkai and Gao, Siru and Yan, Haiyan and Sun, Zhen and Lian, Zhiwei and Duanmu, Lin and Zhang, Yufeng and Zhou, Xiang and Cao, Bin and Wang, Zhaojun and Zhai, Yongchao},
	year         = 2023,
	month        = nov,
	address      = {Rochester, NY},
	doi          = {10.2139/ssrn.4620400},
	url          = {https://papers.ssrn.com/abstract=4620400},
	urldate      = {2025-04-01},
	type         = {{SSRN} {Scholarly} {Paper}},
	language     = {en},
	keywords     = {acceptable temperature, indoor thermal environment, thermal adaptability, thermal comfort database, thermal comfort standard}
}
@article{luo_comparing_2020,
	title        = {Comparing machine learning algorithms in predicting thermal sensation using {ASHRAE} {Comfort} {Database} {II}},
	author       = {Luo, Maohui and Xie, Jiaqing and Yan, Yichen and Ke, Zhihao and Yu, Peiran and Wang, Zi and Zhang, Jingsi},
	year         = 2020,
	month        = mar,
	journal      = {Energy and Buildings},
	volume       = 210,
	pages        = 109776,
	doi          = {10.1016/j.enbuild.2020.109776},
	issn         = {0378-7788},
	url          = {https://www.sciencedirect.com/science/article/pii/S0378778819332372},
	urldate      = {2025-04-01},
	keywords     = {Building environment, Comfort model, PMV, Thermal comfort}
}
@article{kocaman_machine_2024,
	title        = {Machine learning thermal comfort prediction models based on occupant demographic characteristics},
	author       = {Kocaman, Ezgi and Kuru Erdem, Merve and Calis, Gulben},
	year         = 2024,
	month        = jul,
	journal      = {Journal of Thermal Biology},
	volume       = 123,
	pages        = 103884,
	doi          = {10.1016/j.jtherbio.2024.103884},
	issn         = {0306-4565},
	url          = {https://www.sciencedirect.com/science/article/pii/S0306456524001025},
	urldate      = {2025-04-01},
	keywords     = {Demographic characteristics, Machine learning, Prediction model, Thermal satisfaction, Thermal sensation}
}
@article{tartarini_personal_2022,
	title        = {Personal comfort models based on a 6‐month experiment using environmental parameters and data from wearables},
	author       = {Tartarini, Federico and Schiavon, Stefano and Quintana, Matias and Miller, Clayton},
	year         = 2022,
	month        = nov,
	journal      = {Indoor Air},
	volume       = 32,
	number       = 11,
	pages        = {e13160},
	doi          = {10.1111/ina.13160},
	issn         = {0905-6947},
	url          = {https://www.ncbi.nlm.nih.gov/pmc/articles/PMC9827859/},
	urldate      = {2025-04-01},
	pmid         = 36437680,
	pmcid        = {PMC9827859}
}
@article{avci_machine_2025,
	title        = {Machine learning-based prediction of thermal comfort: exploring building types, climate, ventilation strategies, and seasonal variations},
	shorttitle   = {Machine learning-based prediction of thermal comfort},
	author       = {Avci, Ali Berkay},
	year         = 2025,
	month        = feb,
	journal      = {Building Research \& Information},
	volume       = {0},
	number       = {0},
	pages        = {1--18},
	doi          = {10.1080/09613218.2025.2462932},
	issn         = {0961-3218},
	url          = {https://doi.org/10.1080/09613218.2025.2462932},
	urldate      = {2025-04-01},
	note         = {Publisher: Routledge \_eprint: https://doi.org/10.1080/09613218.2025.2462932},
	keywords     = {building types, climate classification, energy efficiency, machine learning, Thermal comfort, thermal sensation vote}
}
@inproceedings{rajalekshmi_enhancing_2024,
	title        = {Enhancing {Thermal} {Comfort} in {Buildings} with {Machine} {Learning}-{Based} {Overheating} {Prediction}},
	author       = {Rajalekshmi, Mithun Vijayakumar and Hashemi, Arman and Sharif, Mhd Saeed},
	year         = 2024,
	month        = nov,
	booktitle    = {2024 {International} {Conference} on {Innovation} and {Intelligence} for {Informatics}, {Computing}, and {Technologies} ({3ICT})},
	pages        = {623--629},
	doi          = {10.1109/3ict64318.2024.10824541},
	url          = {https://ieeexplore.ieee.org/document/10824541},
	urldate      = {2025-04-01},
	note         = {ISSN: 2770-7466},
	keywords     = {Accuracy, Building Orientation, Buildings, Data models, DesignBuilder, EnergyPlus, Machine Learning, Meteorology, Overheating Prediction, Predictive models, Random Forest, Random forests, Regression tree analysis, Root mean square, Technological innovation, Temperature distribution, Thermal Comfort, U-values, Window to floor ratio, XGBoost}
}
@article{qavidel_fard_application_2022,
	title        = {Application of machine learning in thermal comfort studies: {A} review of methods, performance and challenges},
	shorttitle   = {Application of machine learning in thermal comfort studies},
	author       = {Qavidel Fard, Zahra and Zomorodian, Zahra Sadat and Korsavi, Sepideh Sadat},
	year         = 2022,
	month        = feb,
	journal      = {Energy and Buildings},
	volume       = 256,
	pages        = 111771,
	doi          = {10.1016/j.enbuild.2021.111771},
	issn         = {0378-7788},
	url          = {https://www.sciencedirect.com/science/article/pii/S0378778821010550},
	urldate      = {2025-04-01},
	keywords     = {Group-based models, Machine learning, Performance, Personal comfort models, Prediction accuracy, Thermal comfort}
}
@article{abbas_privacy_2024,
	title        = {Privacy preserved and decentralized thermal comfort prediction model for smart buildings using federated learning},
	author       = {Abbas, Sidra and Alsubai, Shtwai and Sampedro, Gabriel Avelino and Abisado, Mideth and Almadhor, Ahmad and Kim, Tai-hoon},
	year         = 2024,
	month        = feb,
	journal      = {PeerJ Computer Science},
	volume       = 10,
	pages        = {e1899},
	doi          = {10.7717/peerj-cs.1899},
	issn         = {2376-5992},
	url          = {https://www.ncbi.nlm.nih.gov/pmc/articles/PMC10909213/},
	urldate      = {2025-04-01},
	pmid         = 38435593,
	pmcid        = {PMC10909213}
}
@article{yang_interpretability_2022,
	title        = {Interpretability analysis for thermal sensation machine learning models: {An} exploration based on the {SHAP} approach},
	shorttitle   = {Interpretability analysis for thermal sensation machine learning models},
	author       = {Yang, Yuren and Yuan, Ye and Han, Zhen and Liu, Gang},
	year         = 2022,
	journal      = {Indoor Air},
	volume       = 32,
	number       = 2,
	pages        = {e12984},
	doi          = {10.1111/ina.12984},
	issn         = {1600-0668},
	url          = {https://onlinelibrary.wiley.com/doi/abs/10.1111/ina.12984},
	urldate      = {2025-04-01},
	copyright    = {© 2022 John Wiley \& Sons A/S. Published by John Wiley \& Sons Ltd},
	note         = {\_eprint: https://onlinelibrary.wiley.com/doi/pdf/10.1111/ina.12984},
	language     = {en},
	keywords     = {interpretability analysis, local explanations, machine learning, neutral environment, SHAP, thermal sensation}
}
@article{xiong_calibrating_2024,
	title        = {Calibrating subjective data biases and model predictive uncertainties in machine learning-based thermal perception predictions},
	author       = {Xiong, Ruoxin and Shi, Ying and Jing, Haoming and Liang, Wei and Nakahira, Yorie and Tang, Pingbo},
	year         = 2024,
	month        = jan,
	journal      = {Building and Environment},
	volume       = 247,
	pages        = 111053,
	doi          = {10.1016/j.buildenv.2023.111053},
	issn         = {0360-1323},
	url          = {https://www.sciencedirect.com/science/article/pii/S0360132323010806},
	urldate      = {2025-04-01},
	keywords     = {Machine learning, Model calibration, Predictive uncertainties, Subjective bias, Thermal perceptions}
}
@misc{shaeri_multimodal_2025,
	title        = {A {Multimodal} {Physics}-{Informed} {Neural} {Network} {Approach} for {Mean} {Radiant} {Temperature} {Modeling}},
	author       = {Shaeri, Pouya and AlKhaled, Saud and Middel, Ariane},
	year         = 2025,
	month        = mar,
	publisher    = {arXiv},
	doi          = {10.48550/arXiv.2503.08482},
	url          = {http://arxiv.org/abs/2503.08482},
	urldate      = {2025-04-01},
	note         = {arXiv:2503.08482 [cs]},
	keywords     = {Computer Science - Computer Vision and Pattern Recognition, Computer Science - Neural and Evolutionary Computing}
}
@article{chen_physics-informed_2023,
	title        = {Physics-informed neural networks for building thermal modeling and demand response control},
	author       = {Chen, Yongbao and Yang, Qiguo and Chen, Zhe and Yan, Chengchu and Zeng, Shu and Dai, Mingkun},
	year         = 2023,
	month        = apr,
	journal      = {Building and Environment},
	volume       = 234,
	pages        = 110149,
	doi          = {10.1016/j.buildenv.2023.110149},
	issn         = {0360-1323},
	url          = {https://www.sciencedirect.com/science/article/pii/S0360132323001762},
	urldate      = {2025-04-01},
	keywords     = {Control-oriented modeling, Demand response, Grid-integrated buildings, Physics-informed neural networks}
}
@article{yangComparativeAnalysisIndoor2024,
	title        = {Comparative analysis of indoor thermal environment characteristics and occupants’ adaptability: Insights from {ASHRAE} {RP}-884 and the Chinese thermal comfort database},
	shorttitle   = {Comparative analysis of indoor thermal environment characteristics and occupants’ adaptability},
	author       = {Yang, Liu and Wang, Feixiang and Zhao, Shengkai and Gao, Siru and Yan, Haiyan and Sun, Zhen and Lian, Zhiwei and Duanmu, Lin and Zhang, Yufeng and Zhou, Xiang and Cao, Bin and Wang, Zhaojun and Zhai, Yongchao},
	volume       = 309,
	pages        = 114033,
	doi          = {10.1016/j.enbuild.2024.114033},
	issn         = {0378-7788},
	url          = {https://www.sciencedirect.com/science/article/pii/S037877882400149X},
	urldate      = {2024-08-20},
	journal      = {Energy and Buildings},
	shortjournal = {Energy and Buildings},
        year         = {2024},
	date         = {2024-04-15},
	keywords     = {Acceptable temperature, Indoor thermal environment, Thermal adaptability, Thermal comfort database, Thermal comfort standard}
}
@article{wangRevisitingIndividualGroup2020c,
	title        = {Revisiting individual and group differences in thermal comfort based on {ASHRAE} database},
	author       = {Wang, Zhe and Zhang, Hui and He, Yingdong and Luo, Maohui and Li, Ziwei and Hong, Tianzhen and Lin, Borong},
	volume       = 219,
	pages        = 110017,
	doi          = {10.1016/j.enbuild.2020.110017},
	issn         = {0378-7788},
	url          = {https://www.sciencedirect.com/science/article/pii/S0378778819334589},
	urldate      = {2024-11-07},
	journal      = {Energy and Buildings},
        year         = {2020},
	date         = {2020-07-15},
	keywords     = {Adaptive thermal comfort, Thermal comfort, Ashrae global thermal comfort database, Group difference, Individual difference}
}
@article{duComparisonThermalComfort2022a,
	title        = {Comparison of thermal comfort between radiant and convective systems using field test data from the Chinese Thermal Comfort Database},
	author       = {Du, Heng and Lian, Zhiwei and Lai, Dayi and Duanmu, Lin and Zhai, Yongchao and Cao, Bin and Zhang, Yufeng and Zhou, Xiang and Wang, Zhaojun and Zhang, Xiaojing and Hou, Zhijian},
	volume       = 209,
	pages        = 108685,
	doi          = {10.1016/j.buildenv.2021.108685},
	issn         = {0360-1323},
	url          = {https://www.sciencedirect.com/science/article/pii/S0360132321010751},
	urldate      = {2024-11-07},
	journal       = {Building and Environment},
	shortjournal = {Building and Environment},
	date         = {2022-02-01},
	keywords     = {Thermal comfort, Air temperature, Convective, Radiant, Thermal environment}
}
@article{sunRevisitingAdaptiveThermal2024,
	title        = {Revisiting the adaptive thermal comfort zone in {ISO} 17772-1 standard: Insights from four thermal comfort databases},
	shorttitle   = {Revisiting the adaptive thermal comfort zone in {ISO} 17772-1 standard},
	author       = {Sun, Zhen and Zhao, Shengkai and Gao, Siru and Yan, Haiyan and Yang, Liu and Zhai, Yongchao},
	volume       = 324,
	pages        = 114917,
	doi          = {10.1016/j.enbuild.2024.114917},
	issn         = {0378-7788},
	url          = {https://www.sciencedirect.com/science/article/pii/S0378778824010338},
	urldate      = {2024-11-21},
	journal       = {Energy and Buildings},
	shortjournal = {Energy and Buildings},
	date         = {2024-12-01},
	keywords     = {Thermal comfort standard, Adaptive model, Adaptive thermal comfort zone, Building type, Naturally ventilated environment}
}
@article{liModifiedPredictedMean2025,
	title        = {Modified predicted mean vote models for human thermal comfort: An {ASHRAE} database-based evaluation},
	shorttitle   = {Modified predicted mean vote models for human thermal comfort},
	author       = {Li, Han and Hu, Haiyu and Wu, Zhiyao and Kong, Xiangfei and Fan, Man},
	volume       = 209,
	pages        = 115042,
	doi          = {10.1016/j.rser.2024.115042},
	issn         = {1364-0321},
	url          = {https://www.sciencedirect.com/science/article/pii/S1364032124007688},
	urldate      = {2024-11-21},
	journal      = {Renewable and Sustainable Energy Reviews},
        year         = {2025},
	date         = {2025-03-01},
	keywords     = {Thermal comfort, Accuracy and robustness, {ASHRAE} database I and {II}, Modified {PMV} model, Performance evaluation}
}
@article{haghiradAdvancingPersonalThermal2024,
	title        = {Advancing personal thermal comfort prediction: A data-driven framework integrating environmental and occupant dynamics using machine learning},
	shorttitle   = {Advancing personal thermal comfort prediction},
	author       = {Haghirad, Maedeh and Heidari, Shahin and Hosseini, Hojat},
	volume       = 262,
	pages        = 111799,
	doi          = {10.1016/j.buildenv.2024.111799},
	issn         = {0360-1323},
	url          = {https://www.sciencedirect.com/science/article/pii/S0360132324006413},
	urldate      = {2024-11-21},
	journal      = {Building and Environment},
	shortjournal = {Building and Environment},
        year         = {2024},
	date         = {2024-08-15},
	keywords     = {Thermal comfort, Thermal sensation, Machine learning, Data-driven models, Thermal preferences}
}
@article{al-sharifPredictingThermalPreferences2024,
	title        = {Predicting Thermal Preferences - A Comparative Analysis of Machine Learning Algorithms using {ASHRAE} Global Thermal Comfort Database {II}},
	author       = {Al-Sharif, Omar Ahmed and Newir, Ahmed Emam and Halawa, Mohamed Aly},
	volume       = 115,
	number       = 2,
	pages        = {50--60},
	doi          = {10.37934/arfmts.115.2.5060},
	issn         = {2289-7879},
	url          = {https://semarakilmu.com.my/journals/index.php/fluid_mechanics_thermal_sciences/article/view/6363},
	urldate      = {2024-11-21},
	note         = {Number: 2},
	rights       = {Copyright (c) 2024 Journal of Advanced Research in Fluid Mechanics and Thermal Sciences},
	journal      = {Journal of Advanced Research in Fluid Mechanics and Thermal Sciences},
        year         = {2024},
	date         = {2024-03-30},
	langid       = {english},
	keywords     = {hyperparameter optimization}
}
@article{yangComparativeAnalysisIndoor2024a,
	title        = {Comparative analysis of indoor thermal environment characteristics and occupants’ adaptability: Insights from {ASHRAE} {RP}-884 and the Chinese thermal comfort database},
	shorttitle   = {Comparative analysis of indoor thermal environment characteristics and occupants’ adaptability},
	author       = {Yang, Liu and Wang, Feixiang and Zhao, Shengkai and Gao, Siru and Yan, Haiyan and Sun, Zhen and Lian, Zhiwei and Duanmu, Lin and Zhang, Yufeng and Zhou, Xiang and Cao, Bin and Wang, Zhaojun and Zhai, Yongchao},
	volume       = 309,
	pages        = 114033,
	doi          = {10.1016/j.enbuild.2024.114033},
	issn         = {0378-7788},
	url          = {https://www.sciencedirect.com/science/article/pii/S037877882400149X},
	urldate      = {2024-12-15},
	journal       = {Energy and Buildings},
	shortjournal = {Energy and Buildings},
	date         = {2024-04-15},
	keywords     = {Acceptable temperature, Indoor thermal environment, Thermal adaptability, Thermal comfort database, Thermal comfort standard}
}
@article{tartariniPythermalcomfortPythonPackage2020,
	title        = {pythermalcomfort: A Python package for thermal comfort research},
	shorttitle   = {pythermalcomfort},
	author       = {Tartarini, Federico and Schiavon, Stefano},
	journal      = {{SoftwareX}},
	volume       = 12,
	pages        = 100578,
	doi          = {10.1016/j.softx.2020.100578},
	issn         = 23527110,
	url          = {https://linkinghub.elsevier.com/retrieve/pii/S2352711020302910},
	urldate      = {2025-03-14},
        year         = {2020},
	date         = {2020-07},
	langid       = {english}
}
@inproceedings{andamonThermalComfortBuilding2006,
        author = {Andamon, Mary Myla},
        year = {2006},
        month = {09},
        pages = {},
        title = {Thermal Comfort and Building Energy Consumption in the Philippine Context},
        booktitle = {PLEA 2006 - 23rd International Conference on Passive and Low Energy Architecture, Conference Proceedings}
}
@article{baePredictingIndoorThermal2017,
	title        = {Predicting indoor thermal sensation for the elderly in welfare centres in Korea using local skin temperatures},
	author       = {Bae, Chihye and Lee, Hyunjung and Chun, Chungyoon},
	volume       = 26,
	number       = 8,
	pages        = {1155--1167},
	doi          = {10.1177/1420326X16664563},
	issn         = {1420-326X},
	url          = {https://doi.org/10.1177/1420326X16664563},
	urldate      = {2024-09-26},
	note         = {Publisher: {SAGE} Publications Ltd {STM}},
	journal      = {Indoor and Built Environment},
        year         = {2017},
	date         = {2017-10-01},
	langid       = {american}
}
@article{bragerOperableWindowsPersonal,
	title        = {Operable windows, personal control and occupant comfort.},
	author       = {Brager, Gail and Paliaga, Gwelen and de Dear, Richard and Olesen, Bjarne and Wen, J. and Nicol, F. and Humphreys, M.},
        year = {2004},
	journal      = {ASHRAE Transactions},
	langid       = {english}
}

@article{boudenAdaptiveThermalComfort2005,
	title        = {An adaptive thermal comfort model for the Tunisian context: a field study results},
	shorttitle   = {An adaptive thermal comfort model for the Tunisian context},
	author       = {Bouden, C. and Ghrab, N.},
	volume       = 37,
	number       = 9,
	pages        = {952--963},
	doi          = {10.1016/j.enbuild.2004.12.003},
	issn         = {03787788},
	url          = {https://linkinghub.elsevier.com/retrieve/pii/S0378778805000083},
	urldate      = {2024-09-26},
	rights       = {https://www.elsevier.com/tdm/userlicense/1.0/},
	journal       = {Energy and Buildings},
	shortjournal = {Energy and Buildings},
	date         = {2005-09},
	langid       = {english}
}
@article{kwonRelationshipQualityBuilding2011,
	title        = {Relationship between quality of building maintenance management services for indoor environmental quality and occupant satisfaction},
	author       = {Kwon, Suh-Hyun and Chun, Chungyoon and Kwak, Ro-Yeul},
	volume       = 46,
	number       = 11,
	pages        = {2179--2185},
	doi          = {10.1016/j.buildenv.2011.04.028},
	issn         = {0360-1323},
	url          = {https://www.sciencedirect.com/science/article/pii/S0360132311001302},
	urldate      = {2024-09-26},
	journal       = {Building and Environment},
	shortjournal = {Building and Environment},
	date         = {2011-11-01},
	keywords     = {Thermal comfort, Indoor environmental quality, Adaptive theory, Building maintenance management, Help desk service, Post-occupancy evaluation}
}
@article{schiavonDynamicPredictiveClothing2013,
	title        = {Dynamic predictive clothing insulation models based on outdoor air and indoor operative temperatures},
	author       = {Schiavon, Stefano and Lee, Kwang Ho},
	volume       = 59,
	pages        = {250--260},
	doi          = {10.1016/j.buildenv.2012.08.024},
	issn         = {0360-1323},
	url          = {https://www.sciencedirect.com/science/article/pii/S0360132312002260},
	urldate      = {2024-10-08},
	journal       = {Building and Environment},
	shortjournal = {Building and Environment},
        year         = {2013},
	date         = {2013-01-01},
	keywords     = {Thermal comfort, Occupant behavior, Behavior modeling, Clothing, Dress code, Indoor climate}
}
@article{langevinTrackingHumanbuildingInteraction2015,
	title        = {Tracking the human-building interaction: A longitudinal field study of occupant behavior in air-conditioned offices},
	shorttitle   = {Tracking the human-building interaction},
	author       = {Langevin, Jared and Gurian, Patrick L. and Wen, Jin},
	volume       = 42,
	pages        = {94--115},
	doi          = {10.1016/j.jenvp.2015.01.007},
	issn         = {0272-4944},
	url          = {https://www.sciencedirect.com/science/article/pii/S0272494415000225},
	urldate      = {2024-10-08},
	journal       = {Journal of Environmental Psychology},
	shortjournal = {Journal of Environmental Psychology},
	date         = {2015-06-01},
	keywords     = {Thermal comfort, Office buildings, Occupant behavior, Longitudinal field studies, Thermal acceptability}
}
@article{arensAreClassTemperature2010,
	title        = {Are ‘class A’ temperature requirements realistic or desirable?},
	author       = {Arens, Edward and Humphreys, Michael A. and de Dear, Richard and Zhang, Hui},
	series       = {International Symposium on the Interaction between Human and Building Environment Special Issue Section},
	volume       = 45,
	number       = 1,
	pages        = {4--10},
	doi          = {10.1016/j.buildenv.2009.03.014},
	issn         = {0360-1323},
	url          = {https://www.sciencedirect.com/science/article/pii/S036013230900078X},
	urldate      = {2024-10-08},
	journal       = {Building and Environment},
	shortjournal = {Building and Environment},
	date         = {2010-01-01},
	keywords     = {{PMV}, Acceptability, Category, Class A, Setpoint temperature, Standard}
}
@book{hanDataMiningConcepts2022,
	title        = {Data Mining: Concepts and Techniques},
	shorttitle   = {Data Mining},
	author       = {Han, Jiawei and Pei, Jian and Tong, Hanghang},
	publisher    = {Morgan Kaufmann},
	isbn         = {978-0-12-811761-3},
	note         = {Google-Books-{ID}: {NR}1oEAAAQBAJ},
	pagetotal    = 786,
	date         = {2022-07-02},
	langid       = {english},
	keywords     = {Computers / Artificial Intelligence / Computer Vision \& Pattern Recognition, Computers / Artificial Intelligence / General}
}
@mastersthesis{pigmanImpactCoolingStrategy,
	title        = {The Impact of Cooling Strategy and Personal Control on Thermal Comfort},
	author       = {Pigman, Margaret Celeste},
        school       = {Dept of Architecture, University of California, Berkeley},
        year         = {2014},
	langid       = {english}
}
@article{bragerThermalAdaptationBuilt1998,
	title        = {Thermal adaptation in the built environment: a literature review},
	shorttitle   = {Thermal adaptation in the built environment},
	author       = {Brager, Gail S. and de Dear, Richard J.},
	volume       = 27,
	number       = 1,
	pages        = {83--96},
	doi          = {10.1016/S0378-7788(97)00053-4},
	issn         = {0378-7788},
	url          = {https://www.sciencedirect.com/science/article/pii/S0378778897000534},
	urldate      = {2024-10-08},
	journal       = {Energy and Buildings},
	shortjournal = {Energy and Buildings},
	date         = {1998-02-01},
	keywords     = {Natural ventilation, Adaptation, Individual control}
}
@article{manuFieldStudiesThermal2016,
	title        = {Field studies of thermal comfort across multiple climate zones for the subcontinent: India Model for Adaptive Comfort ({IMAC})},
	shorttitle   = {Field studies of thermal comfort across multiple climate zones for the subcontinent},
	author       = {Manu, Sanyogita and Shukla, Yash and Rawal, Rajan and Thomas, Leena E. and de Dear, Richard},
	volume       = 98,
	pages        = {55--70},
	doi          = {10.1016/j.buildenv.2015.12.019},
	issn         = {0360-1323},
	url          = {https://www.sciencedirect.com/science/article/pii/S0360132315302171},
	urldate      = {2024-10-08},
	journal       = {Building and Environment},
	shortjournal = {Building and Environment},
	date         = {2016-03-01},
	keywords     = {Adaptive thermal comfort, Neutral temperature, Comfort standards, Adaptive model, Fanger {PMV}, Indian office buildings}
}
@article{zhangThermalComfortBuildings2013a,
	title        = {Thermal comfort in buildings with split air-conditioners in hot-humid area of China},
	author       = {Zhang, Yufeng and Chen, Huimei and Meng, Qinglin},
	volume       = 64,
	pages        = {213--224},
	doi          = {10.1016/j.buildenv.2012.09.009},
	issn         = {0360-1323},
	url          = {https://www.sciencedirect.com/science/article/pii/S036013231200251X},
	urldate      = {2024-10-08},
	journal       = {Building and Environment},
	shortjournal = {Building and Environment},
	date         = {2013-06-01},
	langid       = {american},
	keywords     = {Thermal comfort, Thermal adaptation, Buildings with split air-conditioners, Hot-humid area}
}
@article{zhangThermalComfortNaturally2010a,
	title        = {Thermal comfort in naturally ventilated buildings in hot-humid area of China},
	author       = {Zhang, Yufeng and Wang, Jinyong and Chen, Huimei and Zhang, Jun and Meng, Qinglin},
	volume       = 45,
	number       = 11,
	pages        = {2562--2570},
	doi          = {10.1016/j.buildenv.2010.05.024},
	issn         = {0360-1323},
	url          = {https://www.sciencedirect.com/science/article/pii/S0360132310001733},
	urldate      = {2024-10-08},
	journal       = {Building and Environment},
	shortjournal = {Building and Environment},
	date         = {2010-11-01},
	keywords     = {Thermal comfort, Thermal adaptation, Hot-humid area, Naturally ventilated buildings}
}
@book{zangheriHowComfortRequirements2011,
	title        = {How the comfort requirements can be used to assess and design low energy buildings: testing the EN 15251 comfort evaluation procedure in 4 buildings.},
	shorttitle   = {How the comfort requirements can be used to assess and design low energy buildings},
	author       = {Zangheri, Paolo and Pagliano, Lorenzo and Armani, R.},
	isbn         = {978-91-633-4455-8},
	url          = {https://re.public.polimi.it/handle/11311/639923},
	urldate      = {2024-10-08},
	note         = {Accepted: 2015-06-10T13:44:33Z},
	date         = {2011}
}
@article{wangThermalResponsesDifferent2011a,
	title        = {Thermal responses to different residential environments in Harbin},
	author       = {Wang, Zhaojun and Zhang, Lin and Zhao, Jianing and He, Yanan and Li, Aixue},
	volume       = 46,
	number       = 11,
	pages        = {2170--2178},
	doi          = {10.1016/j.buildenv.2011.04.029},
	issn         = {0360-1323},
	url          = {https://www.sciencedirect.com/science/article/pii/S0360132311001314},
	urldate      = {2024-10-08},
	journal       = {Building and Environment},
	shortjournal = {Building and Environment},
	date         = {2011-11-01},
	keywords     = {Thermal comfort, Field study, Expectation, Residential building, Severe cold area, Space heating}
}
@article{wangFieldStudyThermal2006,
	title        = {A field study of the thermal comfort in residential buildings in Harbin},
	author       = {Wang, Zhaojun},
	volume       = 41,
	number       = 8,
	pages        = {1034--1039},
	doi          = {10.1016/j.buildenv.2005.04.020},
	issn         = {0360-1323},
	url          = {https://www.sciencedirect.com/science/article/pii/S0360132305001642},
	urldate      = {2024-10-08},
	journal       = {Building and Environment},
	shortjournal = {Building and Environment},
	date         = {2006-08-01},
	langid       = {american},
	keywords     = {Thermal comfort, Field study, Thermal sensation, Neutral operative temperature, Predicted percentage of dissatisfied ({PPD})}
}
@article{wagnerThermalComfortWorkplace2007,
	title        = {Thermal comfort and workplace occupant satisfaction—Results of field studies in German low energy office buildings},
	author       = {Wagner, A. and Gossauer, E. and Moosmann, C. and Gropp, Th. and Leonhart, R.},
	series       = {Comfort and Energy Use in Buildings - Getting Them Right},
	volume       = 39,
	number       = 7,
	pages        = {758--769},
	doi          = {10.1016/j.enbuild.2007.02.013},
	issn         = {0378-7788},
	url          = {https://www.sciencedirect.com/science/article/pii/S0378778807000588},
	urldate      = {2024-10-08},
	journal       = {Energy and Buildings},
	shortjournal = {Energy and Buildings},
	date         = {2007-07-01},
	keywords     = {Thermal comfort, Thermal sensation, Occupant satisfaction, Post occupancy evaluation, Satisfaction parameters}
}
@article{stoopsPhysicalEnvironmentOccupant,
	title        = {The physical environment and occupant thermal perceptions in office buildings. An evaluation of sampled data from five European countries},
	author       = {Stoops, J Leland},
        year         = {2002},
	langid       = {english}
}
@article{teliNaturallyVentilatedClassrooms2012,
	title        = {Naturally ventilated classrooms: An assessment of existing comfort models for predicting the thermal sensation and preference of primary school children},
	shorttitle   = {Naturally ventilated classrooms},
	author       = {Teli, Despoina and Jentsch, Mark F. and James, Patrick A. B.},
	volume       = 53,
	pages        = {166--182},
	doi          = {10.1016/j.enbuild.2012.06.022},
	issn         = {0378-7788},
	url          = {https://www.sciencedirect.com/science/article/pii/S0378778812003106},
	urldate      = {2024-10-08},
	journal       = {Energy and Buildings},
	shortjournal = {Energy and Buildings},
	date         = {2012-10-01},
	langid       = {american},
	keywords     = {Thermal comfort, Comfort models, School buildings, School children, Thermal performance}
}
@article{tartariniThermalPerceptionsPreferences2018,
	title        = {Thermal perceptions, preferences and adaptive behaviours of occupants of nursing homes},
	author       = {Tartarini, Federico and Cooper, Paul and Fleming, Richard},
	volume       = 132,
	pages        = {57--69},
	doi          = {10.1016/j.buildenv.2018.01.018},
	issn         = {0360-1323},
	url          = {https://www.sciencedirect.com/science/article/pii/S0360132318300246},
	urldate      = {2024-10-08},
	journal       = {Building and Environment},
	shortjournal = {Building and Environment},
	date         = {2018-03-15},
	keywords     = {Thermal comfort, Field study, Aged care homes, Dementia, Older people, Residential aged care facilities}
}
@article{tanabeThermalComfortProductivity2013,
	title        = {Thermal comfort and productivity in offices under mandatory electricity savings after the Great East Japan earthquake},
	author       = {Tanabe, Shin-ichi and Iwahashi, Yuko and Tsushima, Sayana and Nishihara, Naoe},
	volume       = 56,
	number       = 1,
	pages        = {4--13},
	doi          = {10.1080/00038628.2012.744296},
	issn         = {0003-8628},
	url          = {https://doi.org/10.1080/00038628.2012.744296},
	urldate      = {2024-10-08},
	note         = {Publisher: Taylor \& Francis \_eprint: https://doi.org/10.1080/00038628.2012.744296},
	journal       = {Architectural Science Review},
	date         = {2013-02-01},
	keywords     = {indoor environment, earthquake, electricity, energy saving, productivity}
}
@article{mccartneyDevelopingAdaptiveControl2002,
	title        = {Developing an adaptive control algorithm for Europe},
	author       = {{McCartney}, Kathryn J and Fergus Nicol, J},
	series       = {Special Issue on Thermal Comfort Standards},
	volume       = 34,
	number       = 6,
	pages        = {623--635},
	doi          = {10.1016/S0378-7788(02)00013-0},
	issn         = {0378-7788},
	url          = {https://www.sciencedirect.com/science/article/pii/S0378778802000130},
	urldate      = {2024-10-08},
	journal       = {Energy and Buildings},
	shortjournal = {Energy and Buildings},
	date         = {2002-07-01},
	keywords     = {Thermal comfort, Field studies, Adaptive comfort theory, Building controls, Standards}
}
@article{singhRelationIndoorThermal2014,
	title        = {Relation between indoor thermal environment and renovation in liege residential buildings},
	author       = {Singh, Manoj and Mahapatra, Sadhan and Teller, Jacques},
	volume       = 18,
	number       = 3,
	pages        = {889--902},
	doi          = {10.2298/TSCI1403889S},
	issn         = {0354-9836, 2334-7163},
	url          = {https://doiserbia.nb.rs/Article.aspx?ID=0354-98361403889S},
	urldate      = {2024-10-08},
	rights       = {http://creativecommons.org/licenses/by-nc-nd/4.0/},
	journal       = {Thermal Science},
	shortjournal = {Therm sci},
	date         = 2014,
	langid       = {english}
}
@article{singhThermalPerformanceStudy2010,
	title        = {Thermal performance study and evaluation of comfort temperatures in vernacular buildings of North-East India},
	author       = {Singh, Manoj Kumar and Mahapatra, Sadhan and Atreya, S. K.},
	series       = {1st International Symposium on Sustainable Healthy Buildings},
	volume       = 45,
	number       = 2,
	pages        = {320--329},
	doi          = {10.1016/j.buildenv.2009.06.009},
	issn         = {0360-1323},
	url          = {https://www.sciencedirect.com/science/article/pii/S0360132309001541},
	urldate      = {2024-10-08},
	journal       = {Building and Environment},
	shortjournal = {Building and Environment},
	date         = {2010-02-01},
	keywords     = {Naturally ventilated buildings, Thermal performance, Comfort temperature, North-East India, Vernacular architecture}
}
@article{sekharIndoorAirQuality2003,
	title        = {Indoor air quality and energy performance of air-conditioned office buildings in {SingaporeAbstract}},
	author       = {Sekhar, S. C. and Tham, K. W. and Cheong, K. W.},
	volume       = 13,
	number       = 4,
	pages        = {315--331},
	doi          = {10.1111/j.1600-0668.2003.00191.x},
	issn         = {1600-0668},
	url          = {https://onlinelibrary.wiley.com/doi/abs/10.1111/j.1600-0668.2003.00191.x},
	urldate      = {2024-10-08},
	note         = {\_eprint: https://onlinelibrary.wiley.com/doi/pdf/10.1111/j.1600-0668.2003.00191.x},
	journal       = {Indoor Air},
	date         = 2003,
	langid       = {english},
	keywords     = {Air-conditioned office building, Building symptom index, Field measurements, Indoor air quality audit, Indoor pollutant standard index, Questionnaire analysis, Tropical building}
}
@article{romeroEnergyOccupantsThermal2013,
	title        = {Energy and the occupant’s thermal perception of low-income dwellings in hot-dry climate: Mexicali, México},
	shorttitle   = {Energy and the occupant’s thermal perception of low-income dwellings in hot-dry climate},
	author       = {Romero, Ramona A. and Bojórquez, Gonzalo and Corral, María and Gallegos, Ricardo},
	series       = {Selected papers from World Renewable Energy Congress - {XI}},
	volume       = 49,
	pages        = {267--270},
	doi          = {10.1016/j.renene.2012.01.017},
	issn         = {0960-1481},
	url          = {https://www.sciencedirect.com/science/article/pii/S0960148112000286},
	urldate      = {2024-10-08},
	journal       = {Renewable Energy},
	shortjournal = {Renewable Energy},
	date         = {2013-01-01},
	keywords     = {Energy consumption, Hot dry climate, Low-income dwelling’s prototype, Occupant’s thermal perception}
}
@article{luoExploringDynamicProcess2016a,
	title        = {Exploring the dynamic process of human thermal adaptation: A study in teaching building},
	shorttitle   = {Exploring the dynamic process of human thermal adaptation},
	author       = {Luo, Maohui and Zhou, Xiang and Zhu, Yingxin and Zhang, Dongqian and Cao, Bin},
	volume       = 127,
	pages        = {425--432},
	doi          = {10.1016/j.enbuild.2016.05.096},
	issn         = {0378-7788},
	url          = {https://www.sciencedirect.com/science/article/pii/S0378778816304856},
	urldate      = {2024-10-08},
	journal       = {Energy and Buildings},
	shortjournal = {Energy and Buildings},
	date         = {2016-09-01},
	keywords     = {Adaptive thermal comfort, Indoor thermal environment, Thermal expectation, Thermal history}
}
@inproceedings{akandeIndoorThermalComfort,
	title        = {Indoor Thermal Comfort for Residential Buildings in Hot-Dry Climate of Nigeria},
	author       = {Akande, Oluwafemi K and Adebamowo, Micheal A},
        booktitle    = {Proceedings of Conference: Adapting to Change: New Thinking on Comfort Cumberland Lodge},
        year         = {2010},
	langid       = {english}
}
@article{kwokThermalComfortJapanese2003,
	title        = {Thermal comfort in Japanese schools},
	author       = {Kwok, Alison G and Chun, Chungyoon},
	volume       = 74,
	number       = 3,
	pages        = {245--252},
	doi          = {10.1016/S0038-092X(03)00147-6},
	issn         = {0038-092X},
	url          = {https://www.sciencedirect.com/science/article/pii/S0038092X03001476},
	urldate      = {2024-10-08},
	journal       = {Solar Energy},
	shortjournal = {Solar Energy},
	date         = {2003-03-01}
}
@article{konisEvaluatingDaylightingEffectiveness2013,
	title        = {Evaluating daylighting effectiveness and occupant visual comfort in a side-lit open-plan office building in San Francisco, California},
	author       = {Konis, Kyle},
	volume       = 59,
	pages        = {662--677},
	doi          = {10.1016/j.buildenv.2012.09.017},
	issn         = {0360-1323},
	url          = {https://www.sciencedirect.com/science/article/pii/S0360132312002594},
	urldate      = {2024-10-08},
	journal       = {Building and Environment},
	shortjournal = {Building and Environment},
	date         = {2013-01-01},
	keywords     = {Daylight autonomy, Daylighting, Glare, Photocontrols, {POE}}
}
@article{jinIndoorEnvironmentThermal2013,
	title        = {Indoor environment and thermal comfort in rural houses in East Guangdong of China},
	author       = {Jin, L. and Meng, Q. and Zhao, L. and Zhang, Y. and Chen, L.},
	volume       = 35,
	number       = 2,
	pages        = {105--112},
	doi          = {10.3969/j.issn.1674-4764.2013.02.017},
	journal       = {Tumu Jianzhu yu Huanjing Gongcheng/Journal of Civil, Architectural and Environmental Engineering},
	date         = 2013,
	keywords     = {Thermal comfort, Hot-humid area, Gray space, Rural residences}
}
@article{indragantiAdaptiveModelThermal2014,
	title        = {Adaptive model of thermal comfort for offices in hot and humid climates of India},
	author       = {Indraganti, Madhavi and Ooka, Ryozo and Rijal, Hom B. and Brager, Gail S.},
	volume       = 74,
	pages        = {39--53},
	doi          = {10.1016/j.buildenv.2014.01.002},
	issn         = {0360-1323},
	url          = {https://www.sciencedirect.com/science/article/pii/S0360132314000055},
	urldate      = {2024-10-08},
	journal       = {Building and Environment},
	shortjournal = {Building and Environment},
	date         = {2014-04-01},
	langid       = {american},
	keywords     = {Thermal comfort, Office buildings, Comfort standards, Adaptive model, Comfort temperature, India}
}
@inproceedings{honnekeriUSEADAPTIVEACTIONS2014,
	title        = {Use of Adaptive Actions and Thermal Comfort in a Naturally Ventilated Office},
	author       = {Honnekeri, Anoop and Pigman, Margaret C and Zhang, Hui and Arens, Edward and Zhai, Yongchao and Dutton, Spencer},
        booktitle    = {Proceedings of the 13th International Conference Indoor Air 2014, Hong Kong},
	year         = {2014},
	langid       = {english}
}
@inproceedings{honnekeriComfortAdaptationMixedmode,
	title        = {Comfort and adaptation in mixed-mode buildings in a hot-dry climate},
	author       = {Honnekeri, Anoop and Brager, Gail and Dhaka, Shivraj and Mathur, Jyotirmay},
        booktitle    = {Proceedings of the 8th Windsor Conference, London, April},
        year         = {2014},
	langid       = {english}
}
@article{heidariComparativeAnalysisShortterm2002,
	title        = {A comparative analysis of short-term and long-term thermal comfort surveys in Iran},
	author       = {Heidari, Shahin and Sharples, Steve},
	series       = {Special Issue on Thermal Comfort Standards},
	volume       = 34,
	number       = 6,
	pages        = {607--614},
	doi          = {10.1016/S0378-7788(02)00011-7},
	issn         = {0378-7788},
	url          = {https://www.sciencedirect.com/science/article/pii/S0378778802000117},
	urldate      = {2024-10-08},
	journal       = {Energy and Buildings},
	shortjournal = {Energy and Buildings},
        year         = {2002},
	date         = {2002-07-01},
	langid       = {american},
	keywords     = {Thermal comfort, Field study, Adaptive model, {ISO} 7730}
}
@article{hawighorstThermospecificSelfefficacySpecSE2016,
	title        = {Thermo-specific self-efficacy ({specSE}) in relation to perceived comfort and control},
	author       = {Hawighorst, Maren and Schweiker, Marcel and Wagner, Andreas},
	volume       = 102,
	pages        = {193--206},
	doi          = {10.1016/j.buildenv.2016.03.014},
	issn         = {0360-1323},
	url          = {https://www.sciencedirect.com/science/article/pii/S0360132316300919},
	urldate      = {2024-10-08},
	journal       = {Building and Environment},
	shortjournal = {Building and Environment},
	date         = {2016-06-01},
	keywords     = {Thermal comfort, Field study, Laboratory experiment, Perceived control, Self-efficacy}
}
@article{foldvaryEffectEnergyRenovation2017,
	title        = {Effect of energy renovation on indoor air quality in multifamily residential buildings in Slovakia},
	author       = {Földváry, Veronika and Bekö, Gabriel and Langer, Sarka and Arrhenius, Karine and Petráš, Dušan},
	volume       = 122,
	pages        = {363--372},
	doi          = {10.1016/j.buildenv.2017.06.009},
	issn         = {0360-1323},
	url          = {https://www.sciencedirect.com/science/article/pii/S0360132317302433},
	urldate      = {2024-10-08},
	journal       = {Building and Environment},
	shortjournal = {Building and Environment},
	date         = {2017-09-01},
	langid       = {american},
	keywords     = {Natural ventilation, Air exchange rate, Apartment buildings, Occupant perception, Retrofitting}
}
@article{deubleMixedmodeBuildingsDouble2012,
	title        = {Mixed-mode buildings: A double standard in occupants’ comfort expectations},
	shorttitle   = {Mixed-mode buildings},
	author       = {Deuble, Max Paul and De Dear, Richard John},
	volume       = 54,
	pages        = {53--60},
	doi          = {10.1016/j.buildenv.2012.01.021},
	issn         = {03601323},
	url          = {https://linkinghub.elsevier.com/retrieve/pii/S0360132312000364},
	urldate      = {2024-10-08},
	rights       = {https://www.elsevier.com/tdm/userlicense/1.0/},
	journal       = {Building and Environment},
	shortjournal = {Building and Environment},
	date         = {2012-08},
	langid       = {english}
}
@article{caoTooColdToo2016a,
	title        = {Too cold or too warm? A winter thermal comfort study in different climate zones in China},
	shorttitle   = {Too cold or too warm?},
	author       = {Cao, Bin and Luo, Maohui and Li, Min and Zhu, Yingxin},
	volume       = 133,
	pages        = {469--477},
	doi          = {10.1016/j.enbuild.2016.09.050},
	issn         = {03787788},
	url          = {https://linkinghub.elsevier.com/retrieve/pii/S0378778816308969},
	urldate      = {2024-10-08},
	journal       = {Energy and Buildings},
	shortjournal = {Energy and Buildings},
	date         = {2016-12},
	langid       = {english}
}
@article{devecchiThermalComfortOffice2017,
	title        = {Thermal comfort in office buildings: Findings from a field study in mixed-mode and fully-air conditioning environments under humid subtropical conditions},
	shorttitle   = {Thermal comfort in office buildings},
	author       = {De Vecchi, R. and Candido, C. and De Dear, R. and Lamberts, R.},
	volume       = 123,
	pages        = {672--683},
	doi          = {10.1016/j.buildenv.2017.07.029},
	issn         = {03601323},
	url          = {https://linkinghub.elsevier.com/retrieve/pii/S0360132317303281},
	urldate      = {2024-10-08},
	journal       = {Building and Environment},
	shortjournal = {Building and Environment},
	date         = {2017-10},
	langid       = {english}
}
@inproceedings{vecchiThermalHistoryIts,
	title        = {Thermal history and its influence on occupants’ thermal acceptability and cooling preferences in warm-humid climates: a new desire for comfort?},
	author       = {Vecchi, Renata De and Cândido, Christhina and Lamberts, Roberto},
        booktitle    = {Proceedings of 7th Windsor Conference: The changing context of comfort in an unpredictable world},
        year         = {2012},
	langid       = {english}
}
@article{djamilaFieldStudyThermal2013,
	title        = {Field study of thermal comfort in residential buildings in the equatorial hot-humid climate of Malaysia},
	author       = {Djamila, Harimi and Chu, Chi-Ming and Kumaresan, Sivakumar},
	volume       = 62,
	pages        = {133--142},
	doi          = {10.1016/j.buildenv.2013.01.017},
	issn         = {03601323},
	url          = {https://linkinghub.elsevier.com/retrieve/pii/S0360132313000322},
	urldate      = {2024-10-24},
	journal       = {Building and Environment},
	shortjournal = {Building and Environment},
	date         = {2013-04},
	langid       = {english}
}
@article{yangResidentialThermalEnvironment2013a,
	title        = {Residential thermal environment in cold climates at high altitudes and building energy use implications},
	author       = {Yang, Liu and Yan, Haiyan and Xu, Ying and Lam, Joseph C.},
	volume       = 62,
	pages        = {139--145},
	doi          = {10.1016/j.enbuild.2013.02.058},
	issn         = {03787788},
	url          = {https://linkinghub.elsevier.com/retrieve/pii/S0378778813001527},
	urldate      = {2024-10-31},
	journal       = {Energy and Buildings},
	shortjournal = {Energy and Buildings},
	date         = {2013-07},
	langid       = {english}
}
@article{wangDimensionAnalysisSubjective2020b,
	title        = {Dimension analysis of subjective thermal comfort metrics based on {ASHRAE} Global Thermal Comfort Database using machine learning},
	author       = {Wang, Zhe and Wang, Jingyi and He, Yueer and Liu, Yanchen and Lin, Borong and Hong, Tianzhen},
	volume       = 29,
	pages        = 101120,
	doi          = {10.1016/j.jobe.2019.101120},
	issn         = 23527102,
	url          = {https://linkinghub.elsevier.com/retrieve/pii/S235271021931472X},
	urldate      = {2025-04-09},
	journal      = {Journal of Building Engineering},
	shortjournal = {Journal of Building Engineering},
        year         = {2020},
	date         = {2020-05},
	langid       = {english}
}
@article{dedearDevelopingAdaptiveModel,
	title        = {Developing an Adaptive Model of Thermal Comfort and Preference},
        journal      = {ASHRAE Transactions},
        year         = {1997},
	author       = {de Dear, Richard J},
	langid       = {english}
}
@article{guoUnderstandingMeanRadiant2020a,
	title        = {On the understanding of the mean radiant temperature within both the indoor and outdoor environment, a critical review},
	author       = {Guo, Hongshan and Aviv, Dorit and Loyola, Mauricio and Teitelbaum, Eric and Houchois, Nicholas and Meggers, Forrest},
	volume       = 117,
	pages        = 109207,
	doi          = {10.1016/j.rser.2019.06.014},
	issn         = 13640321,
	url          = {https://linkinghub.elsevier.com/retrieve/pii/S1364032119304071},
	urldate      = {2025-03-11},
	journal       = {Renewable and Sustainable Energy Reviews},
	shortjournal = {Renewable and Sustainable Energy Reviews},
	date         = {2020-01},
	langid       = {english}
}
@article{wangThermalResponsesDifferent2011,
	title        = {Thermal responses to different residential environments in Harbin},
	author       = {Wang, Zhaojun and Zhang, Lin and Zhao, Jianing and He, Yanan and Li, Aixue},
	volume       = 46,
	number       = 11,
	pages        = {2170--2178},
	doi          = {10.1016/j.buildenv.2011.04.029},
	issn         = {03601323},
	url          = {https://linkinghub.elsevier.com/retrieve/pii/S0360132311001314},
	urldate      = {2024-09-23},
	rights       = {https://www.elsevier.com/tdm/userlicense/1.0/},
	journal       = {Building and Environment},
	shortjournal = {Building and Environment},
	date         = {2011-11},
	langid       = {english}
}
@article{wangThermalAdaptationThermal2014,
	title        = {Thermal adaptation and thermal environment in university classrooms and offices in Harbin},
	author       = {Wang, Zhaojun and Li, Aixue and Ren, Jing and He, Yanan},
	volume       = 77,
	pages        = {192--196},
	doi          = {10.1016/j.enbuild.2014.03.054},
	issn         = {03787788},
	url          = {https://linkinghub.elsevier.com/retrieve/pii/S0378778814002746},
	urldate      = {2024-09-23},
	journal       = {Energy and Buildings},
	shortjournal = {Energy and Buildings},
	date         = {2014-07},
	langid       = {english}
}
@article{wangInfluenceOutdoorIndoor2018,
	title        = {Influence of outdoor and indoor microclimate on human thermal adaptation in winter in the severe cold area, China},
	author       = {Wang, Zhaojun and Ji, Yuchen and Su, Xiaowen},
	volume       = 133,
	pages        = {91--102},
	doi          = {10.1016/j.buildenv.2018.02.014},
	issn         = {03601323},
	url          = {https://linkinghub.elsevier.com/retrieve/pii/S0360132318300805},
	urldate      = {2024-09-23},
	journal       = {Building and Environment},
	shortjournal = {Building and Environment},
	date         = {2018-04},
	langid       = {english}
}
@article{suFieldStudyCold2021,
	title        = {Field study of cold radiant asymmetry caused by exterior built elements of educational buildings in severe cold area, China},
	author       = {Su, Xiaowen and Wang, Zhaojun and Yang, Yuxin},
	volume       = 252,
	pages        = 111401,
	doi          = {10.1016/j.enbuild.2021.111401},
	issn         = {03787788},
	url          = {https://linkinghub.elsevier.com/retrieve/pii/S037877882100685X},
	urldate      = {2024-09-23},
	journal       = {Energy and Buildings},
	shortjournal = {Energy and Buildings},
	date         = {2021-12},
	langid       = {english}
}
@article{suComfortableClothingModel2022,
	title        = {Comfortable clothing model of occupants and thermal adaption to cold climates in China},
	author       = {Su, Xiaowen and Wang, Zhaojun and Zhou, Fanzhuo and Duanmu, Lin and Zhai, Yongchao and Lian, Zhiwei and Cao, Bin and Zhang, Yufeng and Zhou, Xiang and Xie, Jingchao},
	volume       = 207,
	pages        = 108499,
	doi          = {10.1016/j.buildenv.2021.108499},
	issn         = {03601323},
	url          = {https://linkinghub.elsevier.com/retrieve/pii/S0360132321008945},
	urldate      = {2024-09-23},
	journal       = {Building and Environment},
	shortjournal = {Building and Environment},
	date         = {2022-01},
	langid       = {english}
}
@article{duComparisonThermalComfort2022,
	title        = {Comparison of thermal comfort between radiant and convective systems using field test data from the Chinese Thermal Comfort Database},
	author       = {Du, Heng and Lian, Zhiwei and Lai, Dayi and Duanmu, Lin and Zhai, Yongchao and Cao, Bin and Zhang, Yufeng and Zhou, Xiang and Wang, Zhaojun and Zhang, Xiaojing and Hou, Zhijian},
	volume       = 209,
	pages        = 108685,
	doi          = {10.1016/j.buildenv.2021.108685},
	issn         = {03601323},
	url          = {https://linkinghub.elsevier.com/retrieve/pii/S0360132321010751},
	urldate      = {2024-09-23},
	journal       = {Building and Environment},
	shortjournal = {Building and Environment},
	date         = {2022-02},
	langid       = {english}
}
@article{duMethodDeterminingAcceptable2021,
	title        = {Method of determining acceptable air temperature thresholds in Chinese {HVAC} buildings based on a data-driven model},
	author       = {Du, Heng and Lian, Zhiwei and Lai, Dayi and Liu, Weiwei and Duanmu, Lin and Zhai, Yongchao and Cao, Bin and Zhang, Yufeng and Zhou, Xiang and Wang, Zhaojun and Zhang, Xiaojing},
	volume       = 241,
	pages        = 110920,
	doi          = {10.1016/j.enbuild.2021.110920},
	issn         = {03787788},
	url          = {https://linkinghub.elsevier.com/retrieve/pii/S0378778821002048},
	urldate      = {2024-09-23},
	journal       = {Energy and Buildings},
	shortjournal = {Energy and Buildings},
	date         = {2021-06},
	langid       = {english}
}
@article{duEvaluationAccuracyPMV2022a,
	title        = {Evaluation of the accuracy of {PMV} and its several revised models using the Chinese thermal comfort Database},
	author       = {Du, Heng and Lian, Zhiwei and Lai, Dayi and Duanmu, Lin and Zhai, Yongchao and Cao, Bin and Zhang, Yufeng and Zhou, Xiang and Wang, Zhaojun and Zhang, Xiaojing and Hou, Zhijian},
	volume       = 271,
	pages        = 112334,
	doi          = {10.1016/j.enbuild.2022.112334},
	issn         = {03787788},
	url          = {https://linkinghub.elsevier.com/retrieve/pii/S0378778822005059},
	urldate      = {2024-09-23},
	journal       = {Energy and Buildings},
	shortjournal = {Energy and Buildings},
	date         = {2022-09},
	langid       = {english}
}
@article{caoFieldStudyHuman2011,
	title        = {Field study of human thermal comfort and thermal adaptability during the summer and winter in Beijing},
	author       = {Cao, Bin and Zhu, Yingxin and Ouyang, Qin and Zhou, Xiang and Huang, Li},
	volume       = 43,
	number       = 5,
	pages        = {1051--1056},
	doi          = {10.1016/j.enbuild.2010.09.025},
	issn         = {03787788},
	url          = {https://linkinghub.elsevier.com/retrieve/pii/S0378778810003452},
	urldate      = {2024-09-23},
	rights       = {https://www.elsevier.com/tdm/userlicense/1.0/},
	journal       = {Energy and Buildings},
	shortjournal = {Energy and Buildings},
	date         = {2011-05},
	langid       = {english}
}
@article{caoIndividualDistrictHeating2014,
	title        = {Individual and district heating: A comparison of residential heating modes with an analysis of adaptive thermal comfort},
	shorttitle   = {Individual and district heating},
	author       = {Cao, Bin and Zhu, Yingxin and Li, Min and Ouyang, Qin},
	volume       = 78,
	pages        = {17--24},
	doi          = {10.1016/j.enbuild.2014.03.063},
	issn         = {03787788},
	url          = {https://linkinghub.elsevier.com/retrieve/pii/S0378778814002837},
	urldate      = {2024-09-23},
	journal       = {Energy and Buildings},
	shortjournal = {Energy and Buildings},
	date         = {2014-08},
	langid       = {english}
}
@article{caoTooColdToo2016,
	title        = {Too cold or too warm? A winter thermal comfort study in different climate zones in China},
	shorttitle   = {Too cold or too warm?},
	author       = {Cao, Bin and Luo, Maohui and Li, Min and Zhu, Yingxin},
	volume       = 133,
	pages        = {469--477},
	doi          = {10.1016/j.enbuild.2016.09.050},
	issn         = {03787788},
	url          = {https://linkinghub.elsevier.com/retrieve/pii/S0378778816308969},
	urldate      = {2024-09-23},
	journal       = {Energy and Buildings},
	shortjournal = {Energy and Buildings},
	date         = {2016-12},
	langid       = {english}
}
@article{jiaThermalComfortMixedmode2020,
	title        = {Thermal comfort in mixed-mode buildings: A field study in Tianjin, China},
	shorttitle   = {Thermal comfort in mixed-mode buildings},
	author       = {Jia, Xinyu and Cao, Bin and Zhu, Yingxin and Liu, Bing},
	volume       = 185,
	pages        = 107244,
	doi          = {10.1016/j.buildenv.2020.107244},
	issn         = {03601323},
	url          = {https://linkinghub.elsevier.com/retrieve/pii/S0360132320306156},
	urldate      = {2024-09-23},
	journal       = {Building and Environment},
	shortjournal = {Building and Environment},
	date         = {2020-11},
	langid       = {english}
}
@article{mouFieldStudyThermal2022,
	title        = {Field study on thermal comfort of naturally ventilated residences in southwest China},
	author       = {Mou, Di and Cao, Bin and Zhu, Ying-xin},
	volume       = 29,
	number       = 7,
	pages        = {2377--2387},
	doi          = {10.1007/s11771-022-5109-3},
	issn         = {2227-5223},
	url          = {https://doi.org/10.1007/s11771-022-5109-3},
	urldate      = {2024-09-23},
	journal       = {Journal of Central South University},
	shortjournal = {J. Cent. South Univ.},
        year         = {2022},
	date         = {2022-07-01},
	langid       = {english}
}
@article{luoCanPersonalControl2014,
	title        = {Can personal control influence human thermal comfort? A field study in residential buildings in China in winter},
	shorttitle   = {Can personal control influence human thermal comfort?},
	author       = {Luo, Maohui and Cao, Bin and Zhou, Xiang and Li, Min and Zhang, Jingsi and Ouyang, Qin and Zhu, Yingxin},
	volume       = 72,
	pages        = {411--418},
	doi          = {10.1016/j.enbuild.2013.12.057},
	issn         = {03787788},
	url          = {https://linkinghub.elsevier.com/retrieve/pii/S0378778814000061},
	urldate      = {2024-09-23},
	journal       = {Energy and Buildings},
	shortjournal = {Energy and Buildings},
	date         = {2014-04},
	langid       = {english}
}
@article{luoExploringDynamicProcess2016,
	title        = {Exploring the dynamic process of human thermal adaptation: A study in teaching building},
	shorttitle   = {Exploring the dynamic process of human thermal adaptation},
	author       = {Luo, Maohui and Zhou, Xiang and Zhu, Yingxin and Zhang, Dongqian and Cao, Bin},
	volume       = 127,
	pages        = {425--432},
	doi          = {10.1016/j.enbuild.2016.05.096},
	issn         = {03787788},
	url          = {https://linkinghub.elsevier.com/retrieve/pii/S0378778816304856},
	urldate      = {2024-09-23},
	journal       = {Energy and Buildings},
	shortjournal = {Energy and Buildings},
	date         = {2016-09},
	langid       = {english}
}
@article{yangResidentialThermalEnvironment2013,
	title        = {Residential thermal environment in cold climates at high altitudes and building energy use implications},
	author       = {Yang, Liu and Yan, Haiyan and Xu, Ying and Lam, Joseph C.},
	volume       = 62,
	pages        = {139--145},
	doi          = {10.1016/j.enbuild.2013.02.058},
	issn         = {03787788},
	url          = {https://linkinghub.elsevier.com/retrieve/pii/S0378778813001527},
	urldate      = {2024-09-23},
	journal       = {Energy and Buildings},
	shortjournal = {Energy and Buildings},
	date         = {2013-07},
	langid       = {english}
}
@article{yangAdaptiveThermalComfort2020,
	title        = {Adaptive thermal comfort and climate responsive building design strategies in dry–hot and dry–cold areas: Case study in Turpan, China},
	shorttitle   = {Adaptive thermal comfort and climate responsive building design strategies in dry–hot and dry–cold areas},
	author       = {Yang, Liu and Fu, Rong and He, Wenfang and He, Quan and Liu, Yan},
	volume       = 209,
	pages        = 109678,
	doi          = {10.1016/j.enbuild.2019.109678},
	issn         = {03787788},
	url          = {https://linkinghub.elsevier.com/retrieve/pii/S0378778819323357},
	urldate      = {2024-09-23},
	journal       = {Energy and Buildings},
	shortjournal = {Energy and Buildings},
	date         = {2020-02},
	langid       = {english}
}
@article{yanAnalysisBehaviourPatterns2016,
	title        = {Analysis of behaviour patterns and thermal responses to a hot–arid climate in rural China},
	author       = {Yan, Haiyan and Yang, Liu and Zheng, Wuxing and He, Wenfang and Li, Daoyi},
	volume       = 59,
	pages        = {92--102},
	doi          = {10.1016/j.jtherbio.2016.05.004},
	issn         = {03064565},
	url          = {https://linkinghub.elsevier.com/retrieve/pii/S0306456516300213},
	urldate      = {2024-09-23},
	journal       = {Journal of Thermal Biology},
	shortjournal = {Journal of Thermal Biology},
	date         = {2016-07},
	langid       = {english}
}
@article{yanInfluenceOutdoorTemperature2016,
	title        = {Influence of outdoor temperature on the indoor environment and thermal adaptation in Chinese residential buildings during the heating season},
	author       = {Yan, Haiyan and Yang, Liu and Zheng, Wuxing and Li, Daoyi},
	volume       = 116,
	pages        = {133--140},
	doi          = {10.1016/j.enbuild.2015.12.053},
	issn         = {03787788},
	url          = {https://linkinghub.elsevier.com/retrieve/pii/S0378778815304898},
	urldate      = {2024-09-23},
	journal       = {Energy and Buildings},
	shortjournal = {Energy and Buildings},
	date         = {2016-03},
	langid       = {english}
}
@article{yanThermalAdaptiveModels2017,
	title        = {Thermal adaptive models in the residential buildings in different climate zones of Eastern China},
	author       = {Yan, Haiyan and Mao, Yan and Yang, Liu},
	volume       = 141,
	pages        = {28--38},
	doi          = {10.1016/j.enbuild.2017.02.016},
	issn         = {03787788},
	url          = {https://linkinghub.elsevier.com/retrieve/pii/S0378778816312701},
	urldate      = {2024-09-23},
	journal       = {Energy and Buildings},
	shortjournal = {Energy and Buildings},
	date         = {2017-04},
	langid       = {english}
}
@article{yanDifferenceThermalResponse2019,
	title        = {Difference in the thermal response of the occupants living in northern and southern China},
	author       = {Yan, Haiyan and Liu, Qianqian and Zhang, Hao and Wang, Hanyu and Li, Haidong and Yang, Liu},
	volume       = 204,
	pages        = 109475,
	doi          = {10.1016/j.enbuild.2019.109475},
	issn         = {03787788},
	url          = {https://linkinghub.elsevier.com/retrieve/pii/S0378778819304414},
	urldate      = {2024-09-23},
	journal       = {Energy and Buildings},
	shortjournal = {Energy and Buildings},
	date         = {2019-12},
	langid       = {english}
}
@article{xuEnvironmentalFactorsAffecting2021,
	title        = {Environmental factors affecting sleep quality in summer: a field study in Shanghai, China},
	shorttitle   = {Environmental factors affecting sleep quality in summer},
	author       = {Xu, Xinbo and Lian, Zhiwei and Shen, Jingyun and Lan, Li and Sun, Yuxiang},
	volume       = 99,
	pages        = 102977,
	doi          = {10.1016/j.jtherbio.2021.102977},
	issn         = {03064565},
	url          = {https://linkinghub.elsevier.com/retrieve/pii/S0306456521001455},
	urldate      = {2024-09-23},
	journal       = {Journal of Thermal Biology},
	shortjournal = {Journal of Thermal Biology},
	date         = {2021-07},
	langid       = {english}
}
@article{zhouRadiantAsymmetricThermal2022,
	title        = {Radiant asymmetric thermal comfort evaluation for floor cooling system – A field study in office building},
	author       = {Zhou, Xiang and Liu, Yunliang and Zhang, Jingsi and Ye, Lifang and Luo, Maohui},
	volume       = 260,
	pages        = 111917,
	doi          = {10.1016/j.enbuild.2022.111917},
	issn         = {03787788},
	url          = {https://linkinghub.elsevier.com/retrieve/pii/S0378778822000883},
	urldate      = {2024-09-23},
	journal       = {Energy and Buildings},
	shortjournal = {Energy and Buildings},
	date         = {2022-04},
	langid       = {english}
}
@article{zhouThermalComfortRadiant2019,
	title        = {Thermal comfort under radiant asymmetries of floor cooling system in 2 h and 8 h exposure durations},
	author       = {Zhou, Xiang and Liu, Yunliang and Luo, Maohui and Zhang, Lili and Zhang, Qiqi and Zhang, Xu},
	volume       = {188-189},
	pages        = {98--110},
	doi          = {10.1016/j.enbuild.2019.02.009},
	issn         = {03787788},
	url          = {https://linkinghub.elsevier.com/retrieve/pii/S0378778818334170},
	urldate      = {2024-09-23},
	journal       = {Energy and Buildings},
	shortjournal = {Energy and Buildings},
	date         = {2019-04},
	langid       = {english}
}
@article{zhangThermalComfortNaturally2010,
	title        = {Thermal comfort in naturally ventilated buildings in hot-humid area of China},
	author       = {Zhang, Yufeng and Wang, Jinyong and Chen, Huimei and Zhang, Jun and Meng, Qinglin},
	volume       = 45,
	number       = 11,
	pages        = {2562--2570},
	doi          = {10.1016/j.buildenv.2010.05.024},
	issn         = {03601323},
	url          = {https://linkinghub.elsevier.com/retrieve/pii/S0360132310001733},
	urldate      = {2024-09-23},
	rights       = {https://www.elsevier.com/tdm/userlicense/1.0/},
	journal       = {Building and Environment},
	shortjournal = {Building and Environment},
	date         = {2010-11},
	langid       = {english}
}
@article{zhangThermalComfortBuildings2013,
	title        = {Thermal comfort in buildings with split air-conditioners in hot-humid area of China},
	author       = {Zhang, Yufeng and Chen, Huimei and Meng, Qinglin},
	volume       = 64,
	pages        = {213--224},
	doi          = {10.1016/j.buildenv.2012.09.009},
	issn         = {03601323},
	url          = {https://linkinghub.elsevier.com/retrieve/pii/S036013231200251X},
	urldate      = {2024-09-23},
	rights       = {https://www.elsevier.com/tdm/userlicense/1.0/},
	journal       = {Building and Environment},
	shortjournal = {Building and Environment},
	date         = {2013-06},
	langid       = {english}
}
@article{zhangThermalComfortPeople2020,
	title        = {Thermal comfort of people in a super high-rise building with central air-conditioning system in the hot-humid area of China},
	author       = {Zhang, Zhongjun and Zhang, Yufeng and Khan, Adnan},
	volume       = 209,
	pages        = 109727,
	doi          = {10.1016/j.enbuild.2019.109727},
	issn         = {03787788},
	url          = {https://linkinghub.elsevier.com/retrieve/pii/S0378778819315270},
	urldate      = {2024-09-23},
	journal       = {Energy and Buildings},
	shortjournal = {Energy and Buildings},
	date         = {2020-02},
	langid       = {english}
}
@article{ozbeyComprehensiveComparisonAccuracy2022,
	title        = {A comprehensive comparison and accuracy of different methods to obtain mean radiant temperature in indoor environment},
	author       = {Özbey, Mehmet Furkan and Turhan, Cihan},
	volume       = 31,
	pages        = 101295,
	doi          = {10.1016/j.tsep.2022.101295},
	issn         = 24519049,
	url          = {https://linkinghub.elsevier.com/retrieve/pii/S2451904922001020},
	urldate      = {2025-03-10},
	journal       = {Thermal Science and Engineering Progress},
	shortjournal = {Thermal Science and Engineering Progress},
        year         = {2022},
	date         = {2022-06},
	langid       = {english}
}
@article{guoUnderstandingMeanRadiant2020a,
	title        = {On the understanding of the mean radiant temperature within both the indoor and outdoor environment, a critical review},
	author       = {Guo, Hongshan and Aviv, Dorit and Loyola, Mauricio and Teitelbaum, Eric and Houchois, Nicholas and Meggers, Forrest},
	volume       = 117,
	pages        = 109207,
	doi          = {10.1016/j.rser.2019.06.014},
	issn         = 13640321,
	url          = {https://linkinghub.elsevier.com/retrieve/pii/S1364032119304071},
	urldate      = {2025-03-11},
	journal       = {Renewable and Sustainable Energy Reviews},
	shortjournal = {Renewable and Sustainable Energy Reviews},
	date         = {2020-01},
	langid       = {english}
}
@article{daweComparisonMeanRadiant2020,
	title        = {Comparison of mean radiant and air temperatures in mechanically-conditioned commercial buildings from over 200,000 field and laboratory measurements},
	author       = {Dawe, Megan and Raftery, Paul and Woolley, Jonathan and Schiavon, Stefano and Bauman, Fred},
	volume       = 206,
	pages        = 109582,
	doi          = {10.1016/j.enbuild.2019.109582},
	issn         = {03787788},
	url          = {https://linkinghub.elsevier.com/retrieve/pii/S0378778819314859},
	urldate      = {2025-04-14},
	journal       = {Energy and Buildings},
	shortjournal = {Energy and Buildings},
        year         = {2020},
	date         = {2020-01},
	langid       = {english}
}
@article{walikewitzDifferenceMeanRadiant2015,
	title        = {The difference between the mean radiant temperature and the air temperature within indoor environments: A case study during summer conditions},
	shorttitle   = {The difference between the mean radiant temperature and the air temperature within indoor environments},
	author       = {Walikewitz, Nadine and Jänicke, Britta and Langner, Marcel and Meier, Fred and Endlicher, Wilfried},
	volume       = 84,
	pages        = {151--161},
	doi          = {10.1016/j.buildenv.2014.11.004},
	issn         = {03601323},
	url          = {https://linkinghub.elsevier.com/retrieve/pii/S0360132314003576},
	urldate      = {2025-04-14},
	journal      = {Building and Environment},
	shortjournal = {Building and Environment},
        year         = {2015},
	date         = {2015-01},
	langid       = {english}
}
@inproceedings{chaudhuriAssumingMeanRadiant2016,
	title        = {On assuming Mean Radiant Temperature equal to air temperature during {PMV}-based thermal comfort study in air-conditioned buildings},
	author       = {Chaudhuri, Tanaya and Soh, Yeng Chai and Bose, Sumanta and Xie, Lihua and Li, Hua},
	booktitle    = {{IECON} 2016 - 42nd Annual Conference of the {IEEE} Industrial Electronics Society},
	location     = {Florence, Italy},
	publisher    = {{IEEE}},
	pages        = {7065--7070},
	doi          = {10.1109/IECON.2016.7793073},
	isbn         = {978-1-5090-3474-1},
	url          = {http://ieeexplore.ieee.org/document/7793073/},
	urldate      = {2025-04-14},
	eventtitle   = {{IECON} 2016 - 42nd Annual Conference of the {IEEE} Industrial Electronics Society},
        year         = {2016},
	date         = {2016-10},
	langid       = {english}
}
@article{kingmaClassicThermoneutralZone2014,
	title        = {Beyond the classic thermoneutral zone: Including thermal comfort},
	shorttitle   = {Beyond the classic thermoneutral zone},
	author       = {Kingma, Boris Rm and Frijns, Arjan Jh and Schellen, Lisje and Van Marken Lichtenbelt, Wouter D},
	volume       = 1,
	number       = 2,
	pages        = {142--149},
	doi          = {10.4161/temp.29702},
	issn         = {2332-8940, 2332-8959},
	url          = {https://www.tandfonline.com/doi/full/10.4161/temp.29702},
	urldate      = {2025-04-15},
	journal       = {Temperature},
	shortjournal = {Temperature},
        year         = {2014},
	date         = {2014-09-30},
	langid       = {english}
}
@article{kantorMostProblematicVariable2011,
	title        = {The most problematic variable in the course of human-biometeorological comfort assessment — the mean radiant temperature},
	author       = {Kántor, Noémi and Unger, János},
	volume       = 3,
	number       = 1,
	pages        = {90--100},
	doi          = {10.2478/s13533-011-0010-x},
	issn         = {2391-5447},
	url          = {https://www.degruyter.com/document/doi/10.2478/s13533-011-0010-x/html},
	urldate      = {2025-04-15},
	rights       = {http://creativecommons.org/licenses/by-nc-nd/3.0/},
	journal       = {Open Geosciences},
	date         = {2011-03-01},
	langid       = {english}
}
@article{manavviEstimatingOutdoorMean2020a,
	title        = {Estimating outdoor mean radiant temperature in a humid subtropical climate},
	author       = {Manavvi, S. and Rajasekar, E.},
	volume       = 171,
	pages        = 106658,
	doi          = {10.1016/j.buildenv.2020.106658},
	issn         = {03601323},
	url          = {https://linkinghub.elsevier.com/retrieve/pii/S0360132320300160},
	urldate      = {2025-04-15},
	journal       = {Building and Environment},
	shortjournal = {Building and Environment},
	date         = {2020-03},
	langid       = {english}
}
@article{raissi2019physics,
  title={Physics-informed neural networks: A deep learning framework for solving forward and inverse problems involving nonlinear partial differential equations},
  author={Raissi, Maziar and Perdikaris, Paris and Karniadakis, George Em},
  journal={Journal of Computational Physics},
  volume={378},
  pages={686--707},
  year={2019},
  publisher={Elsevier}
}

@article{karniadakis2021physics,
  title={Physics-informed machine learning},
  author={Karniadakis, George Em and Kevrekidis, Ioannis G and Lu, Lu and Perdikaris, Paris and Wang, Sifan and Yang, Liu},
  journal={Nature Reviews Physics},
  volume={3},
  pages={422--440},
  year={2021},
  publisher={Nature Publishing Group}
}
@article{takahashi2021thermoregulation,
  title={Thermoregulation model JOS-3 with new open source code},
  author={Takahashi, Yutaka and Nomoto, Aya and Yoda, Shin and Hisayama, Ryouta and Ogata, Mikio and Ozeki, Yoshiaki and Tanabe, Shin-ichi},
  journal={Energy and Buildings},
  volume={231},
  pages={110575},
  year={2021},
  publisher={Elsevier}
}
@article{schweiker2017review,
  title={A framework for an adaptive thermal heat balance model (ATHB)},
  author={Schweiker, Marcel and Fuchs, Xavier and Becker, Stephanie and Shukuya, Masanori and Dovjak, Mateja and Hawighorst, Marinus and Kolarik, Jakub},
  journal={Building and Environment},
  volume={94},
  pages={252--262},
  year={2015},
  publisher={Elsevier}
}

@article{wang2018individual,
  title={Individual difference in thermal comfort: A literature review},
  author={Wang, Zhiwei and de Dear, Richard and Luo, Maohui and Lin, Borong and He, Yingdong and Ghahramani, Ali and Zhu, Yingxin},
  journal={Building and Environment},
  volume={138},
  pages={181--193},
  year={2018},
  publisher={Elsevier}
}

@article{xiongCalibratingSubjectiveData2024,
  title = {Calibrating Subjective Data Biases and Model Predictive Uncertainties in Machine Learning-Based Thermal Perception Predictions},
  author = {Xiong, Ruoxin and Shi, Ying and Jing, Haoming and Liang, Wei and Nakahira, Yorie and Tang, Pingbo},
  year = {2024},
  month = jan,
  journal = {Building and Environment},
  volume = {247},
  pages = {111053},
  issn = {0360-1323},
  doi = {10.1016/j.buildenv.2023.111053},
  urldate = {2025-06-02},
  keywords = {Machine learning,Model calibration,Predictive uncertainties,Subjective bias,Thermal perceptions},
}

@article{wangHumanThermalComfort2024,
  title = {Human Thermal Comfort Model and Evaluation on Building Thermal Environment},
  author = {Wang, Zhaojun and Yang, Yuxin and Liu, Chang and Zhou, Fanzhuo and Hao, Heyu},
  year = {2024},
  month = nov,
  journal = {Energy and Buildings},
  volume = {323},
  pages = {114796},
  issn = {0378-7788},
  doi = {10.1016/j.enbuild.2024.114796},
  urldate = {2025-06-02},
  keywords = {Different type buildings,Indoor air temperature,Thermal comfort,Thermal environment evaluation,Traditional/smart buildings}
}
