@article{nejat2015global,
  title={A global review of energy consumption, CO2 emissions and policy in the residential sector (with an overview of the top ten CO2 emitting countries)},
  author={Nejat, Payam and Jomehzadeh, Fatemeh and Taheri, Mohammad Mahdi and Gohari, Mohammad and Majid, Muhd Zaimi Abd},
  journal={Renewable and sustainable energy reviews},
  volume={43},
  pages={843--862},
  year={2015},
  publisher={Elsevier}
}
@article{rogelj20132020,
  title={2020 emissions levels required to limit warming to below 2° C},
  author={Rogelj, Joeri and McCollum, David L and O’Neill, Brian C and Riahi, Keywan},
  journal={Nature Climate Change},
  volume={3},
  number={4},
  pages={405--412},
  year={2013},
  publisher={Nature Publishing Group UK London}
}
@article{liang2024building,
  title={Building Energy Efficiency Analysis and Diagnosis Using Integrated Image Processing and Thermal Imaging Technologies.},
  author={Liang, Shuling},
  journal={Traitement du Signal},
  volume={41},
  number={3},
  year={2024}
}
@article{ham2013automated,
  title={An automated vision-based method for rapid 3D energy performance modeling of existing buildings using thermal and digital imagery},
  author={Ham, Youngjib and Golparvar-Fard, Mani},
  journal={Advanced Engineering Informatics},
  volume={27},
  number={3},
  pages={395--409},
  year={2013},
  publisher={Elsevier}
}

@article{wang2019thermal,
  title={Thermal infrared pedestrian segmentation based on conditional GAN},
  author={Wang, Peng and Bai, Xiangzhi},
  journal={IEEE transactions on image processing},
  volume={28},
  number={12},
  pages={6007--6021},
  year={2019},
  publisher={IEEE}
}
@article{masouleh2019development,
  title={Development and evaluation of a deep learning model for real-time ground vehicle semantic segmentation from UAV-based thermal infrared imagery},
  author={Masouleh, Mehdi Khoshboresh and Shah-Hosseini, Reza},
  journal={ISPRS Journal of Photogrammetry and Remote Sensing},
  volume={155},
  pages={172--186},
  year={2019},
  publisher={Elsevier}
}

@article{yang2015new,
  title={A new shape feature for vehicle classification in thermal video sequences},
  author={Yang, DongWon and Park, HyunWook},
  journal={IEEE Transactions on Circuits and Systems for Video Technology},
  volume={26},
  number={7},
  pages={1363--1375},
  year={2015},
  publisher={IEEE}
}
@article{altay2022use,
  title={The use of thermal cameras for pedestrian detection},
  author={Altay, Fatih and Velipasalar, Senem},
  journal={IEEE Sensors Journal},
  volume={22},
  number={12},
  pages={11489--11498},
  year={2022},
  publisher={IEEE}
}
@inproceedings{kutuk2022semantic,
  title={Semantic segmentation for thermal images: A comparative survey},
  author={K{\"u}t{\"u}k, Z{\"u}lfiye and Algan, G{\"o}rkem},
  booktitle={Proceedings of the IEEE/CVF Conference on Computer Vision and Pattern Recognition},
  pages={286--295},
  year={2022}
}

@inproceedings{kirillov2023segment,
  title={Segment anything},
  author={Kirillov, Alexander and Mintun, Eric and Ravi, Nikhila and Mao, Hanzi and Rolland, Chloe and Gustafson, Laura and Xiao, Tete and Whitehead, Spencer and Berg, Alexander C and Lo, Wan-Yen and others},
  booktitle={Proceedings of the IEEE/CVF International Conference on Computer Vision},
  pages={4015--4026},
  year={2023}
}

@inproceedings{strudel2021segmenter,
  title={Segmenter: Transformer for semantic segmentation},
  author={Strudel, Robin and Garcia, Ricardo and Laptev, Ivan and Schmid, Cordelia},
  booktitle={Proceedings of the IEEE/CVF international conference on computer vision},
  pages={7262--7272},
  year={2021}
}

@inproceedings{he2017mask,
  title={Mask r-cnn},
  author={He, Kaiming and Gkioxari, Georgia and Doll{\'a}r, Piotr and Girshick, Ross},
  booktitle={Proceedings of the IEEE international conference on computer vision},
  pages={2961--2969},
  year={2017}
}
@inproceedings{chen2020blendmask,
  title={Blendmask: Top-down meets bottom-up for instance segmentation},
  author={Chen, Hao and Sun, Kunyang and Tian, Zhi and Shen, Chunhua and Huang, Yongming and Yan, Youliang},
  booktitle={Proceedings of the IEEE/CVF conference on computer vision and pattern recognition},
  pages={8573--8581},
  year={2020}
}

@article{li2020segmenting,
  title={Segmenting objects in day and night: Edge-conditioned CNN for thermal image semantic segmentation},
  author={Li, Chenglong and Xia, Wei and Yan, Yan and Luo, Bin and Tang, Jin},
  journal={IEEE Transactions on Neural Networks and Learning Systems},
  volume={32},
  number={7},
  pages={3069--3082},
  year={2020},
  publisher={IEEE}
}

@inproceedings{lin2014microsoft,
  title={Microsoft coco: Common objects in context},
  author={Lin, Tsung-Yi and Maire, Michael and Belongie, Serge and Hays, James and Perona, Pietro and Ramanan, Deva and Doll{\'a}r, Piotr and Zitnick, C Lawrence},
  booktitle={Computer Vision--ECCV 2014: 13th European Conference, Zurich, Switzerland, September 6-12, 2014, Proceedings, Part V 13},
  pages={740--755},
  year={2014},
  organization={Springer}
}

@inproceedings{zhou2017scene,
  title={Scene parsing through ade20k dataset},
  author={Zhou, Bolei and Zhao, Hang and Puig, Xavier and Fidler, Sanja and Barriuso, Adela and Torralba, Antonio},
  booktitle={Proceedings of the IEEE conference on computer vision and pattern recognition},
  pages={633--641},
  year={2017}
}

@inproceedings{he2016deep,
  title={Deep residual learning for image recognition},
  author={He, Kaiming and Zhang, Xiangyu and Ren, Shaoqing and Sun, Jian},
  booktitle={Proceedings of the IEEE conference on computer vision and pattern recognition},
  pages={770--778},
  year={2016}
}

@inproceedings{radford2021learning,
  title={Learning transferable visual models from natural language supervision},
  author={Radford, Alec and Kim, Jong Wook and Hallacy, Chris and Ramesh, Aditya and Goh, Gabriel and Agarwal, Sandhini and Sastry, Girish and Askell, Amanda and Mishkin, Pamela and Clark, Jack and others},
  booktitle={International conference on machine learning},
  pages={8748--8763},
  year={2021},
  organization={PMLR}
}

@inproceedings{li2023blip,
  title={Blip-2: Bootstrapping language-image pre-training with frozen image encoders and large language models},
  author={Li, Junnan and Li, Dongxu and Savarese, Silvio and Hoi, Steven},
  booktitle={International conference on machine learning},
  pages={19730--19742},
  year={2023},
  organization={PMLR}
}
@inproceedings{jain2023oneformer,
  title={Oneformer: One transformer to rule universal image segmentation},
  author={Jain, Jitesh and Li, Jiachen and Chiu, Mang Tik and Hassani, Ali and Orlov, Nikita and Shi, Humphrey},
  booktitle={Proceedings of the IEEE/CVF Conference on Computer Vision and Pattern Recognition},
  pages={2989--2998},
  year={2023}
}
@inproceedings{luddecke2022image,
  title={Image segmentation using text and image prompts},
  author={L{\"u}ddecke, Timo and Ecker, Alexander},
  booktitle={Proceedings of the IEEE/CVF conference on computer vision and pattern recognition},
  pages={7086--7096},
  year={2022}
}
@inproceedings{radford2021learning,
  title={Learning transferable visual models from natural language supervision},
  author={Radford, Alec and Kim, Jong Wook and Hallacy, Chris and Ramesh, Aditya and Goh, Gabriel and Agarwal, Sandhini and Sastry, Girish and Askell, Amanda and Mishkin, Pamela and Clark, Jack and others},
  booktitle={International conference on machine learning},
  pages={8748--8763},
  year={2021},
  organization={PMLR}
}
@inproceedings{wang2023cut,
  title={Cut and learn for unsupervised object detection and instance segmentation},
  author={Wang, Xudong and Girdhar, Rohit and Yu, Stella X and Misra, Ishan},
  booktitle={Proceedings of the IEEE/CVF conference on computer vision and pattern recognition},
  pages={3124--3134},
  year={2023}
}

@article{dosovitskiy2020image,
  title={An image is worth 16x16 words: Transformers for image recognition at scale},
  author={Dosovitskiy, Alexey},
  journal={arXiv preprint arXiv:2010.11929},
  year={2020}
}
@inproceedings{caron2021emerging,
  title={Emerging properties in self-supervised vision transformers},
  author={Caron, Mathilde and Touvron, Hugo and Misra, Ishan and J{\'e}gou, Herv{\'e} and Mairal, Julien and Bojanowski, Piotr and Joulin, Armand},
  booktitle={Proceedings of the IEEE/CVF international conference on computer vision},
  pages={9650--9660},
  year={2021}
}

@inproceedings{hamiltonunsupervised,
  title={Unsupervised Semantic Segmentation by Distilling Feature Correspondences},
  author={Hamilton, Mark and Zhang, Zhoutong and Hariharan, Bharath and Snavely, Noah and Freeman, William T},
  booktitle={International Conference on Learning Representations}
}

@inproceedings{niu2024unsupervised,
  title={Unsupervised universal image segmentation},
  author={Niu, Dantong and Wang, Xudong and Han, Xinyang and Lian, Long and Herzig, Roei and Darrell, Trevor},
  booktitle={Proceedings of the IEEE/CVF Conference on Computer Vision and Pattern Recognition},
  pages={22744--22754},
  year={2024}
}

@inproceedings{davis2005two,
  title={A two-stage template approach to person detection in thermal imagery},
  author={Davis, James W and Keck, Mark A},
  booktitle={2005 Seventh IEEE Workshops on Applications of Computer Vision (WACV/MOTION'05)-Volume 1},
  volume={1},
  pages={364--369},
  year={2005},
  organization={IEEE}
}

@article{bilodeau2014thermal,
  title={Thermal--visible registration of human silhouettes: A similarity measure performance evaluation},
  author={Bilodeau, Guillaume-Alexandre and Torabi, Atousa and St-Charles, Pierre-Luc and Riahi, Dorra},
  journal={Infrared Physics \& Technology},
  volume={64},
  pages={79--86},
  year={2014},
  publisher={Elsevier}
}

@article{liu2018real,
  title={Real-time ground vehicle detection in aerial infrared imagery based on convolutional neural network},
  author={Liu, Xiaofei and Yang, Tao and Li, Jing},
  journal={Electronics},
  volume={7},
  number={6},
  pages={78},
  year={2018},
  publisher={MDPI}
}

@article{gade2014thermal,
  title={Thermal cameras and applications: a survey},
  author={Gade, Rikke and Moeslund, Thomas B},
  journal={Machine vision and applications},
  volume={25},
  pages={245--262},
  year={2014},
  publisher={Springer}
}

@inproceedings{reimers-2019-sentence-bert,
    title = "Sentence-BERT: Sentence Embeddings using Siamese BERT-Networks",
    author = "Reimers, Nils and Gurevych, Iryna",
    booktitle = "Proceedings of the 2019 Conference on Empirical Methods in Natural Language Processing",
    month = "11",
    year = "2019",
    publisher = "Association for Computational Linguistics",
    url = "http://arxiv.org/abs/1908.10084",
}
@article{devlin2018bert,
  title={Bert: Pre-training of deep bidirectional transformers for language understanding},
  author={Devlin, Jacob},
  journal={arXiv preprint arXiv:1810.04805},
  year={2018}
}
@inproceedings{li2023blip,
  title={Blip-2: Bootstrapping language-image pre-training with frozen image encoders and large language models},
  author={Li, Junnan and Li, Dongxu and Savarese, Silvio and Hoi, Steven},
  booktitle={International conference on machine learning},
  pages={19730--19742},
  year={2023},
  organization={PMLR}
}
@article{cheng2021per,
  title={Per-pixel classification is not all you need for semantic segmentation},
  author={Cheng, Bowen and Schwing, Alex and Kirillov, Alexander},
  journal={Advances in neural information processing systems},
  volume={34},
  pages={17864--17875},
  year={2021}
}